<?xml version="1.0" encoding="UTF-8"?>
<!DOCTYPE html PUBLIC "-//W3C//DTD XHTML 1.0 Transitional//EN"
    "http://www.w3.org/TR/xhtml1/DTD/xhtml1-transitional.dtd">
<html xmlns="http://www.w3.org/1999/xhtml" xml:lang="en" lang="en">
 <head>
  <title>
</title>
<meta http-equiv="Content-Type" content="text/html;charset=utf-8" />
  <meta name='ocr-system' content='tesseract 3.04.00' />
  <meta name='ocr-capabilities' content='ocr_page ocr_carea ocr_par ocr_line ocrx_word'/>
</head>
<body>
  <div class='ocr_page' id='page_1' title='image "./operaovid01oviduoft_0282.png"; bbox 0 0 1575 2489; ppageno 0'>
   <div class='ocr_carea' id='block_1_1' title="bbox 164 91 958 133">
    <p class='ocr_par' dir='ltr' id='par_1_1' title="bbox 164 91 958 133">
     <span class='ocr_line' id='line_1_1' title="bbox 164 91 958 133; baseline -0.011 0"><span class='ocrx_word' id='word_1_1' title='bbox 164 91 250 133; x_wconf 82' lang='lat'>234</span> <span class='ocrx_word' id='word_1_2' title='bbox 704 93 958 126; x_wconf 82' lang='lat' dir='ltr'><strong>FASTORUM</strong></span> 
     </span>
    </p>
   </div>
   <div class='ocr_carea' id='block_1_2' title="bbox 189 199 1418 2324">
    <p class='ocr_par' dir='ltr' id='par_1_2' title="bbox 189 199 1418 2324">
     <span class='ocr_line' id='line_1_2' title="bbox 239 199 1370 251; baseline 0 -13"><span class='ocrx_word' id='word_1_3' title='bbox 239 199 365 250; x_wconf 84' lang='lat' dir='ltr'>51pse</span> <span class='ocrx_word' id='word_1_4' title='bbox 398 212 468 250; x_wconf 86' lang='lat' dir='ltr'>ego</span> <span class='ocrx_word' id='word_1_5' title='bbox 502 211 568 237; x_wconf 88' lang='lat' dir='ltr'>vos</span> <span class='ocrx_word' id='word_1_6' title='bbox 600 199 717 237; x_wconf 88' lang='lat' dir='ltr'>habui</span> <span class='ocrx_word' id='word_1_7' title='bbox 749 199 880 237; x_wconf 81' lang='lat' dir='ltr'><strong>faciles</strong></span> <span class='ocrx_word' id='word_1_8' title='bbox 912 201 951 237; x_wconf 91' lang='lat' dir='ltr'>in</span> <span class='ocrx_word' id='word_1_9' title='bbox 984 212 1113 238; x_wconf 86' lang='lat' dir='ltr'>amore</span> <span class='ocrx_word' id='word_1_10' title='bbox 1147 201 1370 251; x_wconf 87' lang='lat' dir='ltr'>ministros,</span> 
     </span>
     <span class='ocr_line' id='line_1_3' title="bbox 338 256 1239 306; baseline 0.002 -12"><span class='ocrx_word' id='word_1_11' title='bbox 338 258 433 295; x_wconf 89' lang='lat' dir='ltr'>Cum</span> <span class='ocrx_word' id='word_1_12' title='bbox 466 256 559 295; x_wconf 88' lang='lat' dir='ltr'>lusit</span> <span class='ocrx_word' id='word_1_13' title='bbox 590 258 762 295; x_wconf 90' lang='lat' dir='ltr'>numeris</span> <span class='ocrx_word' id='word_1_14' title='bbox 794 258 918 306; x_wconf 85' lang='lat' dir='ltr'>prima</span> <span class='ocrx_word' id='word_1_15' title='bbox 949 258 1104 296; x_wconf 87' lang='lat' dir='ltr'>iuventa</span> <span class='ocrx_word' id='word_1_16' title='bbox 1136 260 1239 296; x_wconf 79' lang='lat' dir='ltr'>suis,</span> 
     </span>
     <span class='ocr_line' id='line_1_4' title="bbox 279 315 1277 365; baseline 0.001 -13"><span class='ocrx_word' id='word_1_17' title='bbox 279 315 384 352; x_wconf 90' lang='lat' dir='ltr'>Idem</span> <span class='ocrx_word' id='word_1_18' title='bbox 417 326 524 356; x_wconf 84' lang='lat' dir='ltr'>sacra</span> <span class='ocrx_word' id='word_1_19' title='bbox 557 326 652 352; x_wconf 84' lang='lat' dir='ltr'>cano</span> <span class='ocrx_word' id='word_1_20' title='bbox 685 316 909 364; x_wconf 87' lang='lat' dir='ltr'>signataque</span> <span class='ocrx_word' id='word_1_21' title='bbox 941 319 1115 365; x_wconf 88' lang='lat' dir='ltr'>tempora</span> <span class='ocrx_word' id='word_1_22' title='bbox 1146 316 1277 354; x_wconf 90' lang='lat' dir='ltr'>fastis:</span> 
     </span>
     <span class='ocr_line' id='line_1_5' title="bbox 336 370 1313 421; baseline 0.002 -12"><span class='ocrx_word' id='word_1_23' title='bbox 336 371 480 421; x_wconf 85' lang='lat' dir='ltr'>Ecquis</span> <span class='ocrx_word' id='word_1_24' title='bbox 513 371 558 409; x_wconf 88' lang='lat' dir='ltr'>ad</span> <span class='ocrx_word' id='word_1_25' title='bbox 591 371 685 409; x_wconf 88' lang='lat' dir='ltr'>haec</span> <span class='ocrx_word' id='word_1_26' title='bbox 716 371 822 410; x_wconf 91' lang='lat' dir='ltr'>illinc</span> <span class='ocrx_word' id='word_1_27' title='bbox 854 372 1032 410; x_wconf 88' lang='lat' dir='ltr'>crederet</span> <span class='ocrx_word' id='word_1_28' title='bbox 1063 385 1148 411; x_wconf 90' lang='lat' dir='ltr'>esse</span> <span class='ocrx_word' id='word_1_29' title='bbox 1180 370 1313 410; x_wconf 86' lang='lat' dir='ltr'>viam‘?</span> 
     </span>
     <span class='ocr_line' id='line_1_6' title="bbox 280 428 1418 481; baseline 0.001 -15"><span class='ocrx_word' id='word_1_30' title='bbox 280 428 380 467; x_wconf 87' lang='lat' dir='ltr'>Haec</span> <span class='ocrx_word' id='word_1_31' title='bbox 418 441 502 467; x_wconf 87' lang='lat' dir='ltr'>mea</span> <span class='ocrx_word' id='word_1_32' title='bbox 540 428 674 467; x_wconf 87' lang='lat' dir='ltr'>militia</span> <span class='ocrx_word' id='word_1_33' title='bbox 711 434 798 468; x_wconf 90' lang='lat' dir='ltr'>est.</span> <span class='ocrx_word' id='word_1_34' title='bbox 855 429 1016 468; x_wconf 82' lang='lat' dir='ltr'>serimus</span> <span class='ocrx_word' id='word_1_35' title='bbox 1054 442 1150 480; x_wconf 90' lang='lat' dir='ltr'>quae</span> <span class='ocrx_word' id='word_1_36' title='bbox 1188 441 1418 481; x_wconf 85' lang='lat' dir='ltr'>possumus,</span> 
     </span>
     <span class='ocr_line' id='line_1_7' title="bbox 998 499 1125 539; baseline -0.008 -13"><span class='ocrx_word' id='word_1_37' title='bbox 998 499 1125 539; x_wconf 88' lang='lat' dir='ltr'>arma,</span> 
     </span>
     <span class='ocr_line' id='line_1_8' title="bbox 217 543 1322 594; baseline 0.002 -12"><span class='ocrx_word' id='word_1_38' title='bbox 217 552 258 582; x_wconf 89' lang='lat'>10</span> <span class='ocrx_word' id='word_1_39' title='bbox 338 543 557 594; x_wconf 85' lang='lat' dir='ltr'>Dextraque</span> <span class='ocrx_word' id='word_1_40' title='bbox 589 555 667 582; x_wconf 92' lang='lat' dir='ltr'>non</span> <span class='ocrx_word' id='word_1_41' title='bbox 699 545 803 582; x_wconf 91' lang='lat' dir='ltr'>omni</span> <span class='ocrx_word' id='word_1_42' title='bbox 835 555 996 583; x_wconf 88' lang='lat' dir='ltr'>munere</span> <span class='ocrx_word' id='word_1_43' title='bbox 1028 551 1161 584; x_wconf 90' lang='lat' dir='ltr'>nostra</span> <span class='ocrx_word' id='word_1_44' title='bbox 1193 550 1322 584; x_wconf 85' lang='lat' dir='ltr'>vacat.</span> 
     </span>
     <span class='ocr_line' id='line_1_9' title="bbox 279 600 1282 653; baseline 0.001 -14"><span class='ocrx_word' id='word_1_45' title='bbox 279 601 320 639; x_wconf 91' lang='lat' dir='ltr'>Si</span> <span class='ocrx_word' id='word_1_46' title='bbox 352 601 446 639; x_wconf 84' lang='lat' dir='ltr'>mihi</span> <span class='ocrx_word' id='word_1_47' title='bbox 479 613 554 639; x_wconf 92' lang='lat' dir='ltr'>non</span> <span class='ocrx_word' id='word_1_48' title='bbox 587 600 710 640; x_wconf 90' lang='lat' dir='ltr'>valido</span> <span class='ocrx_word' id='word_1_49' title='bbox 743 607 976 652; x_wconf 77' lang='lat' dir='ltr'><strong>torquentur</strong></span> <span class='ocrx_word' id='word_1_50' title='bbox 1006 603 1082 653; x_wconf 91' lang='lat' dir='ltr'>pila</span> <span class='ocrx_word' id='word_1_51' title='bbox 1114 603 1282 653; x_wconf 86' lang='lat' dir='ltr'>lacerto,</span> 
     </span>
     <span class='ocr_line' id='line_1_10' title="bbox 335 658 1190 711; baseline 0.001 -15"><span class='ocrx_word' id='word_1_52' title='bbox 335 658 414 697; x_wconf 91' lang='lat' dir='ltr'>Nec</span> <span class='ocrx_word' id='word_1_53' title='bbox 446 658 643 697; x_wconf 85' lang='lat' dir='ltr'>bellatoris</span> <span class='ocrx_word' id='word_1_54' title='bbox 676 665 782 709; x_wconf 88' lang='lat' dir='ltr'>terga</span> <span class='ocrx_word' id='word_1_55' title='bbox 813 665 1045 709; x_wconf 88' lang='lat' dir='ltr'>premuntur</span> <span class='ocrx_word' id='word_1_56' title='bbox 1077 661 1190 711; x_wconf 83' lang='lat' dir='ltr'>equi,</span> 
     </span>
     <span class='ocr_line' id='line_1_11' title="bbox 277 716 1415 769; baseline 0 -15"><span class='ocrx_word' id='word_1_57' title='bbox 277 716 355 754; x_wconf 80' lang='lat' dir='ltr'>Nec</span> <span class='ocrx_word' id='word_1_58' title='bbox 387 716 492 767; x_wconf 82' lang='lat' dir='ltr'>galea</span> <span class='ocrx_word' id='word_1_59' title='bbox 525 718 694 766; x_wconf 87' lang='lat' dir='ltr'>tegimur</span> <span class='ocrx_word' id='word_1_60' title='bbox 713 747 723 767; x_wconf 88' lang='lat'>‚</span> <span class='ocrx_word' id='word_1_61' title='bbox 755 729 826 754; x_wconf 84' lang='lat' dir='ltr'>nec</span> <span class='ocrx_word' id='word_1_62' title='bbox 859 722 971 755; x_wconf 89' lang='lat' dir='ltr'>acuto</span> <span class='ocrx_word' id='word_1_63' title='bbox 1005 718 1198 767; x_wconf 83' lang='lat' dir='ltr'>cingimur</span> <span class='ocrx_word' id='word_1_64' title='bbox 1229 729 1346 769; x_wconf 89' lang='lat' dir='ltr'>ense,</span> <span class='ocrx_word' id='word_1_65' title='bbox 1372 738 1415 744; x_wconf 84' lang='lat'>-</span> 
     </span>
     <span class='ocr_line' id='line_1_12' title="bbox 335 773 1237 825; baseline 0 -13"><span class='ocrx_word' id='word_1_66' title='bbox 335 774 404 812; x_wconf 89' lang='lat' dir='ltr'>His</span> <span class='ocrx_word' id='word_1_67' title='bbox 436 773 573 812; x_wconf 89' lang='lat' dir='ltr'>habilis</span> <span class='ocrx_word' id='word_1_68' title='bbox 605 774 692 812; x_wconf 88' lang='lat' dir='ltr'>telis</span> <span class='ocrx_word' id='word_1_69' title='bbox 726 774 889 824; x_wconf 80' lang='lat' dir='ltr'>quilibet</span> <span class='ocrx_word' id='word_1_70' title='bbox 920 786 1004 813; x_wconf 87' lang='lat' dir='ltr'>esse</span> <span class='ocrx_word' id='word_1_71' title='bbox 1036 780 1166 825; x_wconf 90' lang='lat' dir='ltr'>potest</span> <span class='ocrx_word' id='word_1_72' title='bbox 1189 796 1237 802; x_wconf 96' lang='lat'>—</span> 
     </span>
     <span class='ocr_line' id='line_1_13' title="bbox 216 831 1348 883; baseline 0 -13"><span class='ocrx_word' id='word_1_73' title='bbox 216 840 256 870; x_wconf 84' lang='lat'>15</span> <span class='ocrx_word' id='word_1_74' title='bbox 278 832 325 870; x_wconf 88' lang='lat' dir='ltr'>At</span> <span class='ocrx_word' id='word_1_75' title='bbox 356 838 421 870; x_wconf 86' lang='lat' dir='ltr'>tua</span> <span class='ocrx_word' id='word_1_76' title='bbox 453 834 727 882; x_wconf 84' lang='lat' dir='ltr'>prosequimur</span> <span class='ocrx_word' id='word_1_77' title='bbox 760 832 932 870; x_wconf 87' lang='lat' dir='ltr'>studioso</span> <span class='ocrx_word' id='word_1_78' title='bbox 964 838 1151 883; x_wconf 80' lang='lat' dir='ltr'>pectore,</span> <span class='ocrx_word' id='word_1_79' title='bbox 1185 831 1348 882; x_wconf 85' lang='lat' dir='ltr'>Caesar,</span> 
     </span>
     <span class='ocr_line' id='line_1_14' title="bbox 335 889 1286 941; baseline 0.001 -14"><span class='ocrx_word' id='word_1_80' title='bbox 335 889 498 928; x_wconf 84' lang='lat' dir='ltr'>Nomina</span> <span class='ocrx_word' id='word_1_81' title='bbox 516 921 526 941; x_wconf 86' lang='lat'><em>,</em></span> <span class='ocrx_word' id='word_1_82' title='bbox 557 902 628 940; x_wconf 92' lang='lat' dir='ltr'>per</span> <span class='ocrx_word' id='word_1_83' title='bbox 659 889 792 928; x_wconf 91' lang='lat' dir='ltr'>titulos</span> <span class='ocrx_word' id='word_1_84' title='bbox 824 889 1142 940; x_wconf 84' lang='lat' dir='ltr'>ingredimurque</span> <span class='ocrx_word' id='word_1_85' title='bbox 1175 895 1286 928; x_wconf 81' lang='lat' dir='ltr'>tuos.</span> 
     </span>
     <span class='ocr_line' id='line_1_15' title="bbox 276 946 1386 998; baseline -0.001 -13"><span class='ocrx_word' id='word_1_86' title='bbox 276 947 379 996; x_wconf 89' lang='lat' dir='ltr'>Ergo</span> <span class='ocrx_word' id='word_1_87' title='bbox 412 947 502 985; x_wconf 89' lang='lat' dir='ltr'>ades</span> <span class='ocrx_word' id='word_1_88' title='bbox 535 954 574 985; x_wconf 88' lang='lat' dir='ltr'>et</span> <span class='ocrx_word' id='word_1_89' title='bbox 603 946 753 998; x_wconf 91' lang='lat' dir='ltr'>placido</span> <span class='ocrx_word' id='word_1_90' title='bbox 786 947 943 997; x_wconf 89' lang='lat' dir='ltr'>paulum</span> <span class='ocrx_word' id='word_1_91' title='bbox 975 960 1060 985; x_wconf 91' lang='lat' dir='ltr'>mea</span> <span class='ocrx_word' id='word_1_92' title='bbox 1092 959 1252 985; x_wconf 87' lang='lat' dir='ltr'>munera</span> <span class='ocrx_word' id='word_1_93' title='bbox 1283 946 1386 985; x_wconf 87' lang='lat' dir='ltr'>voltu</span> 
     </span>
     <span class='ocr_line' id='line_1_16' title="bbox 335 1004 1279 1056; baseline 0.001 -13"><span class='ocrx_word' id='word_1_94' title='bbox 335 1005 529 1056; x_wconf 78' lang='lat' dir='ltr'>Respice,</span> <span class='ocrx_word' id='word_1_95' title='bbox 561 1005 732 1055; x_wconf 90' lang='lat' dir='ltr'>pacando</span> <span class='ocrx_word' id='word_1_96' title='bbox 765 1005 892 1055; x_wconf 88' lang='lat' dir='ltr'>siquid</span> <span class='ocrx_word' id='word_1_97' title='bbox 925 1004 971 1043; x_wconf 88' lang='lat' dir='ltr'>ab</span> <span class='ocrx_word' id='word_1_98' title='bbox 1003 1005 1114 1043; x_wconf 90' lang='lat' dir='ltr'>hoste</span> <span class='ocrx_word' id='word_1_99' title='bbox 1147 1017 1279 1044; x_wconf 92' lang='lat' dir='ltr'>vacas.</span> 
     </span>
     <span class='ocr_line' id='line_1_17' title="bbox 275 1061 1167 1113; baseline 0.001 -13"><span class='ocrx_word' id='word_1_100' title='bbox 275 1061 428 1100; x_wconf 86' lang='lat' dir='ltr'>Februa</span> <span class='ocrx_word' id='word_1_101' title='bbox 459 1062 622 1100; x_wconf 89' lang='lat' dir='ltr'>Romani</span> <span class='ocrx_word' id='word_1_102' title='bbox 653 1062 785 1100; x_wconf 84' lang='lat' dir='ltr'>dixere</span> <span class='ocrx_word' id='word_1_103' title='bbox 817 1064 984 1112; x_wconf 84' lang='lat' dir='ltr'>piamina</span> <span class='ocrx_word' id='word_1_104' title='bbox 1014 1069 1167 1113; x_wconf 88' lang='lat' dir='ltr'>patres:</span> 
     </span>
     <span class='ocr_line' id='line_1_18' title="bbox 214 1119 1414 1170; baseline 0.002 -13"><span class='ocrx_word' id='word_1_105' title='bbox 214 1128 256 1158; x_wconf 84' lang='lat'>20</span> <span class='ocrx_word' id='word_1_106' title='bbox 336 1119 447 1157; x_wconf 92' lang='lat' dir='ltr'>Nunc</span> <span class='ocrx_word' id='word_1_107' title='bbox 480 1131 635 1170; x_wconf 90' lang='lat' dir='ltr'>quoque</span> <span class='ocrx_word' id='word_1_108' title='bbox 669 1119 760 1158; x_wconf 91' lang='lat' dir='ltr'>dant</span> <span class='ocrx_word' id='word_1_109' title='bbox 791 1119 907 1157; x_wconf 85' lang='lat' dir='ltr'>verbo</span> <span class='ocrx_word' id='word_1_110' title='bbox 939 1120 1105 1170; x_wconf 92' lang='lat' dir='ltr'>plurima</span> <span class='ocrx_word' id='word_1_111' title='bbox 1137 1121 1245 1170; x_wconf 89' lang='lat' dir='ltr'>signa</span> <span class='ocrx_word' id='word_1_112' title='bbox 1278 1120 1414 1159; x_wconf 86' lang='lat' dir='ltr'>fidem.</span> 
     </span>
     <span class='ocr_line' id='line_1_19' title="bbox 276 1176 1276 1229; baseline 0 -14"><span class='ocrx_word' id='word_1_113' title='bbox 276 1177 485 1215; x_wconf 85' lang='lat' dir='ltr'>Pontifices</span> <span class='ocrx_word' id='word_1_114' title='bbox 518 1176 564 1215; x_wconf 88' lang='lat' dir='ltr'>ab</span> <span class='ocrx_word' id='word_1_115' title='bbox 596 1189 687 1227; x_wconf 88' lang='lat' dir='ltr'>rege</span> <span class='ocrx_word' id='word_1_116' title='bbox 719 1182 859 1227; x_wconf 86' lang='lat' dir='ltr'>petunt</span> <span class='ocrx_word' id='word_1_117' title='bbox 890 1182 928 1214; x_wconf 88' lang='lat' dir='ltr'>et</span> <span class='ocrx_word' id='word_1_118' title='bbox 958 1177 1111 1215; x_wconf 84' lang='lat' dir='ltr'>fiamine</span> <span class='ocrx_word' id='word_1_119' title='bbox 1143 1177 1276 1229; x_wconf 88' lang='lat' dir='ltr'>lanas,</span> 
     </span>
     <span class='ocr_line' id='line_1_20' title="bbox 336 1234 1275 1284; baseline -0.001 -11"><span class='ocrx_word' id='word_1_120' title='bbox 336 1234 430 1279; x_wconf 88' lang='lat' dir='ltr'>Quis</span> <span class='ocrx_word' id='word_1_121' title='bbox 462 1239 637 1273; x_wconf 86' lang='lat' dir='ltr'>veterum</span> <span class='ocrx_word' id='word_1_122' title='bbox 668 1234 798 1284; x_wconf 89' lang='lat' dir='ltr'>lingua</span> <span class='ocrx_word' id='word_1_123' title='bbox 830 1234 965 1272; x_wconf 86' lang='lat' dir='ltr'>februa</span> <span class='ocrx_word' id='word_1_124' title='bbox 997 1246 1138 1272; x_wconf 89' lang='lat' dir='ltr'>nomen</span> <span class='ocrx_word' id='word_1_125' title='bbox 1171 1239 1275 1273; x_wconf 74' lang='lat' dir='ltr'>erat,</span> 
     </span>
     <span class='ocr_line' id='line_1_21' title="bbox 276 1292 1397 1344; baseline 0 -14"><span class='ocrx_word' id='word_1_126' title='bbox 276 1292 459 1343; x_wconf 87' lang='lat' dir='ltr'>Quaeque</span> <span class='ocrx_word' id='word_1_127' title='bbox 493 1293 596 1343; x_wconf 81' lang='lat' dir='ltr'>capit</span> <span class='ocrx_word' id='word_1_128' title='bbox 625 1292 738 1330; x_wconf 84' lang='lat' dir='ltr'>lictor</span> <span class='ocrx_word' id='word_1_129' title='bbox 769 1292 948 1331; x_wconf 90' lang='lat' dir='ltr'>domibus</span> <span class='ocrx_word' id='word_1_130' title='bbox 980 1294 1207 1343; x_wconf 84' lang='lat' dir='ltr'>purgamina</span> <span class='ocrx_word' id='word_1_131' title='bbox 1239 1297 1397 1344; x_wconf 82' lang='lat' dir='ltr'>ternus,</span> 
     </span>
     <span class='ocr_line' id='line_1_22' title="bbox 334 1349 1285 1401; baseline 0 -13"><span class='ocrx_word' id='word_1_132' title='bbox 334 1350 496 1388; x_wconf 91' lang='lat' dir='ltr'>Torrida</span> <span class='ocrx_word' id='word_1_133' title='bbox 530 1361 618 1388; x_wconf 91' lang='lat' dir='ltr'>cum</span> <span class='ocrx_word' id='word_1_134' title='bbox 651 1351 749 1388; x_wconf 89' lang='lat' dir='ltr'>mica</span> <span class='ocrx_word' id='word_1_135' title='bbox 781 1351 882 1388; x_wconf 86' lang='lat' dir='ltr'>sarra</span> <span class='ocrx_word' id='word_1_136' title='bbox 901 1381 911 1401; x_wconf 89' lang='lat'><em>‚</em></span> <span class='ocrx_word' id='word_1_137' title='bbox 944 1357 1129 1389; x_wconf 86' lang='lat' dir='ltr'>vocantur</span> <span class='ocrx_word' id='word_1_138' title='bbox 1160 1349 1285 1389; x_wconf 90' lang='lat' dir='ltr'>idem.</span> 
     </span>
     <span class='ocr_line' id='line_1_23' title="bbox 189 1407 1347 1458; baseline 0 -12"><span class='ocrx_word' id='word_1_139' title='bbox 189 1416 232 1446; x_wconf 81' lang='lat'>25</span> <span class='ocrx_word' id='word_1_140' title='bbox 252 1408 401 1446; x_wconf 90' lang='lat' dir='ltr'>Nomen</span> <span class='ocrx_word' id='word_1_141' title='bbox 432 1407 535 1446; x_wconf 91' lang='lat' dir='ltr'>idem</span> <span class='ocrx_word' id='word_1_142' title='bbox 567 1419 673 1446; x_wconf 90' lang='lat' dir='ltr'>ramo</span> <span class='ocrx_word' id='word_1_143' title='bbox 693 1438 703 1458; x_wconf 89' lang='lat'>‚</span> <span class='ocrx_word' id='word_1_144' title='bbox 736 1409 803 1458; x_wconf 90' lang='lat' dir='ltr'>qui</span> <span class='ocrx_word' id='word_1_145' title='bbox 835 1419 970 1446; x_wconf 89' lang='lat' dir='ltr'>caesus</span> <span class='ocrx_word' id='word_1_146' title='bbox 1002 1407 1049 1446; x_wconf 87' lang='lat' dir='ltr'>ab</span> <span class='ocrx_word' id='word_1_147' title='bbox 1081 1407 1218 1446; x_wconf 89' lang='lat' dir='ltr'>arbore</span> <span class='ocrx_word' id='word_1_148' title='bbox 1250 1419 1347 1458; x_wconf 92' lang='lat' dir='ltr'>pura</span> 
     </span>
     <span class='ocr_line' id='line_1_24' title="bbox 334 1465 1251 1516; baseline 0 -13"><span class='ocrx_word' id='word_1_149' title='bbox 334 1465 446 1504; x_wconf 86' lang='lat' dir='ltr'>Casta</span> <span class='ocrx_word' id='word_1_150' title='bbox 479 1465 724 1503; x_wconf 87' lang='lat' dir='ltr'>sacerdotum</span> <span class='ocrx_word' id='word_1_151' title='bbox 756 1471 929 1516; x_wconf 91' lang='lat' dir='ltr'>tempora</span> <span class='ocrx_word' id='word_1_152' title='bbox 961 1465 1097 1503; x_wconf 85' lang='lat' dir='ltr'>fronde</span> <span class='ocrx_word' id='word_1_153' title='bbox 1130 1467 1251 1515; x_wconf 87' lang='lat' dir='ltr'>tegit.</span> 
     </span>
     <span class='ocr_line' id='line_1_25' title="bbox 276 1522 1285 1574; baseline -0.001 -13"><span class='ocrx_word' id='word_1_154' title='bbox 276 1522 362 1574; x_wconf 89' lang='lat' dir='ltr'>Ipse</span> <span class='ocrx_word' id='word_1_155' title='bbox 395 1535 465 1573; x_wconf 89' lang='lat' dir='ltr'>ego</span> <span class='ocrx_word' id='word_1_156' title='bbox 498 1523 727 1561; x_wconf 84' lang='lat' dir='ltr'>flaminicam</span> <span class='ocrx_word' id='word_1_157' title='bbox 760 1528 986 1573; x_wconf 89' lang='lat' dir='ltr'>poscentem</span> <span class='ocrx_word' id='word_1_158' title='bbox 1018 1522 1153 1561; x_wconf 83' lang='lat' dir='ltr'>februa</span> <span class='ocrx_word' id='word_1_159' title='bbox 1185 1523 1285 1574; x_wconf 84' lang='lat' dir='ltr'>vidi,</span> 
     </span>
     <span class='ocr_line' id='line_1_26' title="bbox 333 1580 1203 1631; baseline 0 -13"><span class='ocrx_word' id='word_1_160' title='bbox 333 1580 485 1619; x_wconf 90' lang='lat' dir='ltr'>Februa</span> <span class='ocrx_word' id='word_1_161' title='bbox 516 1582 693 1631; x_wconf 89' lang='lat' dir='ltr'>poscenti</span> <span class='ocrx_word' id='word_1_162' title='bbox 723 1582 836 1630; x_wconf 89' lang='lat' dir='ltr'>pinea</span> <span class='ocrx_word' id='word_1_163' title='bbox 868 1582 973 1630; x_wconf 88' lang='lat' dir='ltr'>virga</span> <span class='ocrx_word' id='word_1_164' title='bbox 1004 1580 1092 1619; x_wconf 90' lang='lat' dir='ltr'>data</span> <span class='ocrx_word' id='word_1_165' title='bbox 1123 1585 1203 1619; x_wconf 90' lang='lat' dir='ltr'>est.</span> 
     </span>
     <span class='ocr_line' id='line_1_27' title="bbox 275 1638 1367 1689; baseline -0.001 -12"><span class='ocrx_word' id='word_1_166' title='bbox 275 1638 449 1689; x_wconf 90' lang='lat' dir='ltr'>Denique</span> <span class='ocrx_word' id='word_1_167' title='bbox 482 1638 756 1688; x_wconf 89' lang='lat' dir='ltr'>quodcumque</span> <span class='ocrx_word' id='word_1_168' title='bbox 794 1643 882 1689; x_wconf 88' lang='lat' dir='ltr'>est,</span> <span class='ocrx_word' id='word_1_169' title='bbox 920 1650 996 1688; x_wconf 94' lang='lat' dir='ltr'>quo</span> <span class='ocrx_word' id='word_1_170' title='bbox 1034 1650 1199 1689; x_wconf 90' lang='lat' dir='ltr'>corpora</span> <span class='ocrx_word' id='word_1_171' title='bbox 1235 1643 1367 1676; x_wconf 88' lang='lat' dir='ltr'>nostra</span> 
     </span>
     <span class='ocr_line' id='line_1_28' title="bbox 995 1697 1175 1747; baseline 0 -13"><span class='ocrx_word' id='word_1_172' title='bbox 995 1697 1175 1747; x_wconf 81' lang='lat' dir='ltr'>piantur,</span> 
     </span>
     <span class='ocr_line' id='line_1_29' title="bbox 209 1753 1263 1804; baseline -0.002 -11"><span class='ocrx_word' id='word_1_173' title='bbox 209 1762 253 1793; x_wconf 87' lang='lat'>30</span> <span class='ocrx_word' id='word_1_174' title='bbox 331 1753 413 1792; x_wconf 91' lang='lat' dir='ltr'>Hoc</span> <span class='ocrx_word' id='word_1_175' title='bbox 445 1753 546 1804; x_wconf 91' lang='lat' dir='ltr'>apud</span> <span class='ocrx_word' id='word_1_176' title='bbox 577 1754 752 1791; x_wconf 91' lang='lat' dir='ltr'>intonsos</span> <span class='ocrx_word' id='word_1_177' title='bbox 783 1764 923 1791; x_wconf 87' lang='lat' dir='ltr'>nomen</span> <span class='ocrx_word' id='word_1_178' title='bbox 955 1753 1121 1791; x_wconf 87' lang='lat' dir='ltr'>habebat</span> <span class='ocrx_word' id='word_1_179' title='bbox 1152 1764 1263 1792; x_wconf 87' lang='lat' dir='ltr'>avos.</span> 
     </span>
     <span class='ocr_line' id='line_1_30' title="bbox 273 1810 1347 1862; baseline 0 -13"><span class='ocrx_word' id='word_1_180' title='bbox 273 1811 416 1850; x_wconf 88' lang='lat' dir='ltr'>Mensis</span> <span class='ocrx_word' id='word_1_181' title='bbox 449 1811 495 1849; x_wconf 90' lang='lat' dir='ltr'>ab</span> <span class='ocrx_word' id='word_1_182' title='bbox 527 1811 587 1848; x_wconf 90' lang='lat' dir='ltr'>his</span> <span class='ocrx_word' id='word_1_183' title='bbox 619 1811 746 1849; x_wconf 91' lang='lat' dir='ltr'>dictus</span> <span class='ocrx_word' id='word_1_184' title='bbox 765 1841 776 1862; x_wconf 89' lang='lat'>‚</span> <span class='ocrx_word' id='word_1_185' title='bbox 808 1816 912 1849; x_wconf 89' lang='lat' dir='ltr'>secta</span> <span class='ocrx_word' id='word_1_186' title='bbox 945 1812 1035 1861; x_wconf 90' lang='lat' dir='ltr'>quia</span> <span class='ocrx_word' id='word_1_187' title='bbox 1066 1810 1164 1861; x_wconf 91' lang='lat' dir='ltr'>pelle</span> <span class='ocrx_word' id='word_1_188' title='bbox 1197 1811 1347 1861; x_wconf 91' lang='lat' dir='ltr'>luperci</span> 
     </span>
     <span class='ocr_line' id='line_1_31' title="bbox 332 1868 1371 1920; baseline 0 -14"><span class='ocrx_word' id='word_1_189' title='bbox 332 1868 455 1907; x_wconf 91' lang='lat' dir='ltr'>Omne</span> <span class='ocrx_word' id='word_1_190' title='bbox 489 1868 612 1906; x_wconf 89' lang='lat' dir='ltr'>solum</span> <span class='ocrx_word' id='word_1_191' title='bbox 645 1868 841 1920; x_wconf 74' lang='lat' dir='ltr'>lustrant,</span> <span class='ocrx_word' id='word_1_192' title='bbox 872 1868 988 1919; x_wconf 89' lang='lat' dir='ltr'>idque</span> <span class='ocrx_word' id='word_1_193' title='bbox 1020 1870 1172 1919; x_wconf 89' lang='lat' dir='ltr'>piamen</span> <span class='ocrx_word' id='word_1_194' title='bbox 1204 1868 1371 1907; x_wconf 88' lang='lat' dir='ltr'>habent:</span> 
     </span>
     <span class='ocr_line' id='line_1_32' title="bbox 276 1926 1394 1977; baseline -0.001 -12"><span class='ocrx_word' id='word_1_195' title='bbox 276 1928 353 1965; x_wconf 86' lang='lat' dir='ltr'>Aut</span> <span class='ocrx_word' id='word_1_196' title='bbox 384 1928 472 1977; x_wconf 89' lang='lat' dir='ltr'>quia</span> <span class='ocrx_word' id='word_1_197' title='bbox 504 1926 664 1977; x_wconf 85' lang='lat' dir='ltr'>placatis</span> <span class='ocrx_word' id='word_1_198' title='bbox 696 1932 787 1964; x_wconf 91' lang='lat' dir='ltr'>sunt</span> <span class='ocrx_word' id='word_1_199' title='bbox 819 1931 994 1976; x_wconf 87' lang='lat' dir='ltr'>tempora</span> <span class='ocrx_word' id='word_1_200' title='bbox 1024 1938 1122 1976; x_wconf 88' lang='lat' dir='ltr'>pura</span> <span class='ocrx_word' id='word_1_201' title='bbox 1153 1926 1394 1977; x_wconf 86' lang='lat' dir='ltr'>sepulchris,</span> 
     </span>
     <span class='ocr_line' id='line_1_33' title="bbox 331 1983 1136 2034; baseline 0 -12"><span class='ocrx_word' id='word_1_202' title='bbox 331 1984 441 2022; x_wconf 92' lang='lat' dir='ltr'>Tunc</span> <span class='ocrx_word' id='word_1_203' title='bbox 473 1995 562 2022; x_wconf 88' lang='lat' dir='ltr'>cum</span> <span class='ocrx_word' id='word_1_204' title='bbox 593 1983 731 2022; x_wconf 85' lang='lat' dir='ltr'>ferales</span> <span class='ocrx_word' id='word_1_205' title='bbox 762 1985 999 2034; x_wconf 87' lang='lat' dir='ltr'>praeteriere</span> <span class='ocrx_word' id='word_1_206' title='bbox 1031 1983 1136 2022; x_wconf 88' lang='lat' dir='ltr'>dies.</span> 
     </span>
     <span class='ocr_line' id='line_1_34' title="bbox 209 2041 1364 2092; baseline -0.002 -11"><span class='ocrx_word' id='word_1_207' title='bbox 209 2050 253 2081; x_wconf 85' lang='lat'>35</span> <span class='ocrx_word' id='word_1_208' title='bbox 275 2042 397 2080; x_wconf 88' lang='lat' dir='ltr'>Omne</span> <span class='ocrx_word' id='word_1_209' title='bbox 430 2042 537 2080; x_wconf 86' lang='lat' dir='ltr'>nefas</span> <span class='ocrx_word' id='word_1_210' title='bbox 570 2053 800 2092; x_wconf 90' lang='lat' dir='ltr'>omnemque</span> <span class='ocrx_word' id='word_1_211' title='bbox 833 2041 922 2079; x_wconf 90' lang='lat' dir='ltr'>mali</span> <span class='ocrx_word' id='word_1_212' title='bbox 952 2042 1178 2092; x_wconf 85' lang='lat' dir='ltr'>purgamina</span> <span class='ocrx_word' id='word_1_213' title='bbox 1210 2053 1364 2080; x_wconf 90' lang='lat' dir='ltr'>causam</span> 
     </span>
     <span class='ocr_line' id='line_1_35' title="bbox 332 2092 1185 2149; baseline 0 -12"><span class='ocrx_word' id='word_1_214' title='bbox 332 2099 551 2138; x_wconf 87' lang='lat' dir='ltr'>Credebant</span> <span class='ocrx_word' id='word_1_215' title='bbox 582 2100 705 2137; x_wconf 87' lang='lat' dir='ltr'>nostri</span> <span class='ocrx_word' id='word_1_216' title='bbox 736 2098 872 2137; x_wconf 85' lang='lat' dir='ltr'>tollere</span> <span class='ocrx_word' id='word_1_217' title='bbox 903 2092 1017 2149; x_wconf 82' lang='lat' dir='ltr'>posse</span> <span class='ocrx_word' id='word_1_218' title='bbox 1049 2110 1185 2137; x_wconf 75' lang='lat' dir='ltr'>senes,</span> 
     </span>
     <span class='ocr_line' id='line_1_36' title="bbox 274 2156 1306 2208; baseline -0.001 -12"><span class='ocrx_word' id='word_1_219' title='bbox 274 2157 433 2196; x_wconf 87' lang='lat' dir='ltr'>Graecia</span> <span class='ocrx_word' id='word_1_220' title='bbox 463 2158 699 2208; x_wconf 88' lang='lat' dir='ltr'>principium</span> <span class='ocrx_word' id='word_1_221' title='bbox 731 2158 849 2195; x_wconf 89' lang='lat' dir='ltr'>moris</span> <span class='ocrx_word' id='word_1_222' title='bbox 881 2157 954 2194; x_wconf 86' lang='lat' dir='ltr'>fuit</span> <span class='ocrx_word' id='word_1_223' title='bbox 975 2187 985 2196; x_wconf 89' lang='lat'><strong>.</strong></span> <span class='ocrx_word' id='word_1_224' title='bbox 1034 2156 1097 2194; x_wconf 91' lang='lat' dir='ltr'>illa</span> <span class='ocrx_word' id='word_1_225' title='bbox 1129 2159 1306 2195; x_wconf 87' lang='lat' dir='ltr'>nocentis</span> 
     </span>
     <span class='ocr_line' id='line_1_37' title="bbox 330 2215 1135 2266; baseline -0.001 -13"><span class='ocrx_word' id='word_1_226' title='bbox 330 2215 450 2265; x_wconf 89' lang='lat' dir='ltr'>Impia</span> <span class='ocrx_word' id='word_1_227' title='bbox 481 2215 665 2253; x_wconf 84' lang='lat' dir='ltr'>lustratos</span> <span class='ocrx_word' id='word_1_228' title='bbox 696 2226 841 2266; x_wconf 89' lang='lat' dir='ltr'>ponere</span> <span class='ocrx_word' id='word_1_229' title='bbox 874 2215 971 2252; x_wconf 88' lang='lat' dir='ltr'>facta</span> <span class='ocrx_word' id='word_1_230' title='bbox 1003 2219 1135 2264; x_wconf 91' lang='lat' dir='ltr'>putat.</span> 
     </span>
     <span class='ocr_line' id='line_1_38' title="bbox 273 2271 1323 2324; baseline -0.001 -13"><span class='ocrx_word' id='word_1_231' title='bbox 273 2272 482 2312; x_wconf 84' lang='lat' dir='ltr'>Actoriden</span> <span class='ocrx_word' id='word_1_232' title='bbox 514 2272 683 2324; x_wconf 84' lang='lat' dir='ltr'>Peleus,</span> <span class='ocrx_word' id='word_1_233' title='bbox 714 2274 841 2322; x_wconf 90' lang='lat' dir='ltr'>ipsum</span> <span class='ocrx_word' id='word_1_234' title='bbox 874 2284 1027 2323; x_wconf 91' lang='lat' dir='ltr'>quoque</span> <span class='ocrx_word' id='word_1_235' title='bbox 1059 2271 1173 2310; x_wconf 90' lang='lat' dir='ltr'>Pelea</span> <span class='ocrx_word' id='word_1_236' title='bbox 1204 2272 1323 2310; x_wconf 90' lang='lat' dir='ltr'>Phoci</span> 
     </span>
    </p>
   </div>
  </div>
 </body>
</html>
