1575 2489
125 85 210 126 216
654 85 905 118 PASTORUM

157 203 220 234 105
241 193 413 233 Lucidus
444 194 505 231 hic
537 204 603 230 aer
635 198 673 231 et
704 204 801 242 quae
833 193 906 230 tria
938 204 1101 243 corpora
1133 196 1302 244 restant,

301 252 404 302 Ignis
425 282 435 302 ‚
467 262 587 300 aquae
607 281 617 301 ,
648 249 792 301 tellus,
824 262 926 288 unus
958 262 1118 288 acervus
1151 255 1255 288 erat.

242 309 292 348 Ut
323 308 442 346 semel
472 308 566 346 haec
598 319 732 346 rerum
764 309 925 346 secessit
955 307 1021 346 lite
1054 320 1240 359 suarum,

300 366 421 416 Inque
453 377 569 403 novas
602 365 695 403 abiit
725 377 849 403 massa
882 365 1005 404 soluta
1037 365 1194 416 domos,

242 424 410 462 Flamma
442 425 539 473 petit
571 423 689 462 altum
708 454 718 474 ‚
749 425 907 473 propior
938 423 1046 462 locus
1079 427 1166 462 aera
1199 423 1322 474 cepit,

159 491 221 521 110
301 481 494 519 Sederunt
527 481 652 519 medio
685 486 790 518 terra
822 482 1042 531 fretumque
1074 481 1181 520 solo.

242 540 351 577 Tunc
384 550 454 588 ego
470 569 481 590 ,
508 540 575 589 qui
600 539 748 577 fueram
775 537 910 588 globus
938 545 976 576 et
1008 540 1090 577 sine
1116 539 1281 589 imagine
1308 536 1448 586 moles,

299 597 341 635 In
374 597 510 635 faciem
543 596 642 635 redii
673 596 863 646 dignaque
895 596 1069 634 membra
1101 596 1195 634 deo.

240 655 352 693 Nunc
379 667 534 705 quoque
554 686 564 706 ,
596 654 778 692 confusae
807 654 999 704 quondam
1024 659 1114 692 nota
1141 666 1257 704 parva
1282 654 1449 704 figurae,

298 713 397 751 Ante
431 712 534 763 qued
566 718 625 750 est
655 714 695 750 in
726 724 787 750 me
819 717 985 762 postque
1005 743 1015 763 ,
1046 712 1199 749 videtur
1230 711 1355 750 idem.

156 778 220 809 115
240 771 383 821 Accipe
402 802 412 821 ,
446 772 642 821 quaesitae
675 782 772 820 quae
805 781 920 808 causa
952 771 1001 807 sit
1032 769 1151 808 altera
1182 769 1350 821 formae,

299 828 406 866 Hanc
439 828 553 866 simul
585 833 628 866 ut
658 829 765 866 noris
797 828 1046 878 officiumque
1077 839 1228 865 meum.

241 886 438 937 Quidquid
471 886 616 937 ubique
648 885 754 923 vides
773 916 784 937 ‚
817 885 965 924 caelum
984 916 994 936 ‚
1026 897 1131 923 mare
1151 916 1161 935 ,
1193 884 1322 923 nubila
1341 915 1352 933 ,

963 949 1111 994 terras,

299 1001 436 1040 Omnia
468 1007 559 1040 sunt
590 1007 723 1040 nostra
755 1001 883 1039 clausa
914 1006 1125 1051 patentque
1157 1012 1294 1039 manu.

242 1059 301 1098 Me
334 1071 454 1110 penes
487 1065 546 1097 est
577 1072 699 1097 unum
731 1061 827 1097 vasti
859 1059 1033 1097 custodia
1064 1058 1222 1109 mundi,

155 1125 220 1156 120
299 1117 348 1156 Et
378 1119 440 1156 ius
472 1117 649 1155 vertendi
681 1117 848 1154 cardinis
880 1128 993 1154 omne
1025 1128 1153 1154 meum
1187 1122 1268 1154 est.

241 1175 336 1213 Cum
368 1174 482 1213 libuit
512 1174 650 1212 Pacem
682 1174 842 1224 placidis
875 1175 1052 1212 emittere
1084 1174 1222 1225 tectis,

299 1232 437 1271 Libera
469 1238 678 1283 perpetuas
710 1231 879 1270 ambulat
909 1232 972 1269 illa
1003 1233 1106 1271 vias.

243 1291 438 1342 Sanguine
469 1290 622 1328 letifero
653 1295 759 1328 totus
790 1290 1019 1328 miscebitur
1051 1289 1182 1340 orbis,

299 1349 348 1387 Ni
380 1354 538 1387 teneant
569 1348 714 1399 rigidae
748 1348 901 1386 condita
932 1347 1029 1385 bella
1062 1359 1193 1386 serae.

158 1414 222 1446 125
244 1407 452 1445 Praesideo
484 1406 634 1445 foribus
667 1406 761 1445 caeli
793 1418 882 1444 cum
913 1405 1072 1444 mitibus
1103 1404 1239 1444 Horis:

299 1465 330 1504 It
350 1495 361 1517 ‚
394 1465 495 1503 redit
526 1465 652 1502 officio
684 1464 858 1514 Iuppiter
889 1465 972 1514 ipse
1005 1475 1112 1501 meo.

242 1523 335 1561 Inde
366 1535 484 1561 vocor
515 1522 657 1560 Ianus.
715 1523 779 1560 cui
810 1534 898 1560 cum
930 1520 1078 1559 Ceriale
1111 1520 1290 1559 sacerdos

299 1581 467 1631 imponit
498 1580 620 1618 libum
650 1580 830 1630 farraque
861 1581 980 1617 mixta
1011 1578 1111 1626 sale,

241 1638 404 1677 Nomina
435 1637 611 1676 ridebis:
654 1638 766 1676 modo
799 1649 965 1688 namque
996 1636 1194 1675 Patulcius
1225 1635 1327 1674 idem

155 1705 221 1736 130
300 1696 349 1735 Et
380 1696 494 1734 modo
526 1696 700 1734 sacrifico
733 1695 887 1733 Clusius
919 1707 986 1733 ore
1017 1706 1157 1732 vocor.

244 1754 402 1793 Scilicet
434 1754 581 1792 alterno
607 1753 727 1792 voluit
759 1753 867 1791 rudis
900 1752 963 1791 illa
994 1757 1166 1791 vetustas

300 1812 463 1850 Nomine
496 1811 667 1850 diversas
700 1812 916 1862 significare
948 1811 1073 1849 vices.

241 1869 306 1908 Vis
336 1882 422 1908 mea
454 1875 607 1908 narrata
639 1874 726 1907 est.
782 1881 937 1907 causam
968 1881 1073 1907 nunc
1105 1867 1209 1906 disce
1241 1867 1409 1917 figurae:

301 1927 380 1966 13111
411 1934 540 1966 tamen
571 1927 670 1965 113116
703 1927 827 1978 aliqua
859 1933 902 1965 tu
935 1938 1089 1977 quoque
1120 1930 1230 1976 parte
1262 1925 1390 1963 vides.

158 1994 221 2026 135
243 1985 378 2025 Omnis
408 1985 525 2024 habet
555 1986 757 2037 geminas,
788 1985 878 2023 hinc
911 1990 1027 2034 atque
1058 1984 1147 2022 hinc
1165 2013 1176 2034 ,
1207 1984 1322 2021 ianua

962 2043 1124 2092 frontis,

300 2101 330 2139 E
364 2101 505 2153 quihus
536 2102 631 2140 haec
662 2100 848 2152 populum
880 2105 1057 2151 spectat,
1091 2104 1128 2137 31
1158 2098 1221 2136 1113
1253 2098 1395 2138 larem.

241 2159 368 2210 thue
402 2160 540 2198 sedens
572 2161 687 2210 primi
719 2164 846 2198 vester
876 2170 997 2209 prope
1029 2157 1158 2196 limina
1191 2157 1285 2195 tecti

299 2217 444 2256 Ianitor
476 2230 657 2267 egressus
688 2218 951 2266 introitusque
984 2215 1112 2265 videt,

244 2275 306 2314 Sic
339 2287 408 2326 ego
440 2277 636 2327 perspicio
669 2275 847 2314 caelestis
879 2275 1020 2312 ianitor
1052 2273 1159 2311 aulae
