1575 2489
147 75 225 116 ΠΟ
679 75 743 106 Ex
767 74 922 106 PONTo

319 184 489 223 Sollicito
521 194 666 221 vacuus
698 183 742 221 fit
772 182 880 221 locus
912 181 975 220 ille
1006 187 1140 221 metu.

259 242 354 288 Quis
386 253 464 280 non
496 253 516 279 e
548 240 693 278 timidis
727 241 833 290 aegri
865 242 1039 290 contagia
1070 241 1186 290 vitat,

316 299 495 338 Vicinum
526 304 705 337 metuens
738 311 786 337 ne
819 298 945 337 trahat
975 298 1065 336 inde
1097 294 1274 336 malum?

196 367 237 396 15
258 358 317 396 Me
349 369 505 408 quoque
537 358 749 395 amicorum
782 357 900 395 nimio
933 362 1084 395 terrore
1116 361 1326 406 metuque,

315 415 400 453 Non
433 415 519 453 odio
554 414 709 465 quidam
741 414 953 453 destituere
984 415 1082 452 mei.

256 473 340 512 Non
373 473 448 511 illis
480 474 633 524 pietas,
670 484 748 511 non
780 473 952 511 officiosa
983 471 1159 510 voluntas

317 531 476 570 Defuit:
521 530 702 569 adversos
736 532 950 569 extimuere
983 530 1099 569 deos.

261 589 404 640 [thue
438 591 557 639 magis
589 590 693 628 cauti
723 595 888 640 possunt
914 588 1115 639 timidique
1149 588 1292 639 videri,

195 656 238 687 20
319 648 382 686 Sic
415 647 600 699 appellari
632 659 710 685 non
742 659 922 686 meruere
953 646 1042 685 mali
1057 646 1083 695 .]

258 706 334 745 Aut
366 718 475 744 meus
508 710 669 744 excusat
701 717 812 744 caros
843 706 895 744 ita
927 704 1071 743 candor
1103 706 1270 755 amicos,
1414 710 1470 743 (80)

319 764 446 815 thue
479 763 647 802 habeant
678 764 725 802 de
758 775 819 802 me
853 764 1014 801 crimina
1045 762 1179 806 nulla,
1212 762 1334 800 favet.

261 822 347 861 Sint
377 823 418 860 hi
450 823 623 861 contenti
655 823 793 873 venia,
827 826 1031 872 sperentve
1063 820 1216 870 licebit,

318 881 482 931 Purgari
513 881 659 919 factum
690 892 751 918 me
785 892 939 930 quoque
972 884 1070 917 teste
1103 890 1239 917 suum.

196 947 239 978 25
260 938 354 977 Pars
388 940 482 977 estis
513 940 627 989 pauci
659 938 795 976 melior
814 969 825 989 ,
857 940 924 988 qni
955 937 1073 975 rebus
1106 938 1146 975 in
1178 937 1272 975 artis

319 997 439 1035 Ferre
472 997 565 1035 mihi
598 996 742 1035 nullam
775 1002 888 1046 turpe
920 997 1085 1047 putastis
1117 1006 1254 1045 opem.

260 1054 370 1094 Tunc
402 1056 522 1105 igitur
553 1056 683 1093 meriti
715 1055 904 1092 morietur
936 1055 1057 1104 gratia
1089 1054 1231 1104 vestri,

319 1113 416 1152 Cum
448 1114 546 1151 cinis
578 1112 783 1163 absumpto
816 1124 979 1162 corpore
1013 1112 1137 1150 sactus
1170 1122 1260 1149 ero.

261 1171 387 1210 Fallor
406 1169 427 1210 ἱ)
470 1176 509 1209 et
539 1170 603 1208 illa
634 1181 742 1208 meae
775 1169 974 1220 superabit
1005 1175 1181 1219 tempora
1212 1170 1311 1206 vitae
1330 1199 1341 1219 ,

193 1238 237 1268 30
318 1229 358 1267 Si
385 1236 513 1268 tamen
546 1241 566 1266 a
597 1230 761 1267 memori
792 1229 1019 1279 posteritate
1051 1227 1180 1278 legar.

262 1287 434 1338 Corpora
465 1286 657 1325 debentur
690 1288 846 1324 maestis
879 1287 1086 1336 exsanguia
1118 1285 1268 1324 bustis:

320 1346 521 1396 Effugiunt
553 1350 724 1383 structos
756 1356 898 1383 nomen
930 1344 1132 1395 honorque
1164 1355 1301 1393 rogos.

262 1404 414 1443 Occidit
446 1409 484 1442 et
516 1403 690 1442 Theseus
724 1408 762 1441 et
794 1404 860 1453 qui
892 1404 1087 1441 comitavit
1119 1401 1308 1440 Oresten:

323 1462 398 1500 Sed
432 1468 559 1500 tamen
591 1463 631 1500 in
663 1460 796 1499 laudes
828 1462 920 1499 vivit
951 1466 1117 1511 uterque
1150 1472 1263 1498 suas.

199 1529 242 1560 35
264 1520 338 1559 Vos
371 1522 486 1558 etiam
518 1521 597 1558 seri
628 1518 840 1557 laudabunt
871 1531 985 1569 saepe
1018 1524 1203 1569 nepotes,

321 1578 509 1628 Claraque
541 1579 617 1616 erit
648 1578 804 1627 scriptis
836 1576 957 1627 gloria
989 1583 1116 1615 vestra
1148 1577 1267 1614 meis.

262 1637 333 1675 Hic
366 1648 521 1687 quoque
555 1635 804 1674 Sauromatae
836 1637 912 1673 iam
943 1646 1010 1673 vos
1042 1646 1184 1673 novere
1218 1634 1438 1685 Getaeque.

320 1694 370 1733 Et
401 1694 496 1732 tales
529 1695 678 1732 animos
709 1693 872 1731 barbara
904 1693 1017 1731 turba
1049 1692 1209 1743 probat.

263 1753 437 1803 Cumque
471 1764 540 1802 ego
573 1752 620 1790 de
652 1757 780 1790 vestra
812 1764 937 1802 nuper
969 1751 1161 1802 probitate
1193 1751 1382 1789 referrem
1413 1772 1454 1776 —

197 1820 242 1850 40
321 1811 418 1849 Nam
449 1810 566 1849 didici
599 1809 732 1848 Getice
766 1809 1055 1860 Sarmaticeque
1088 1809 1194 1859 loqui
1219 1831 1262 1835 —

262 1869 378 1908 Forte
412 1881 530 1907 senex
563 1867 719 1919 quidam
738 1899 749 1919 ,
782 1874 896 1907 coetu
928 1880 1017 1906 cum
1050 1873 1170 1906 staret
1201 1868 1241 1905 in
1272 1866 1360 1918 illo,

323 1927 505 1966 Reddidit
536 1927 582 1965 ad
615 1932 770 1965 nostros
802 1926 892 1965 talia
924 1925 1039 1965 verba
1072 1937 1210 1964 sonos:

264 1983 363 2025 ‘Nos
397 1997 551 2036 quoque
584 1986 774 2023 amicitiae
808 1996 980 2036 nomen,
1018 1984 1118 2022 bone
1137 2015 1148 2035 ‚
1180 1985 1380 2035 novimus,

986 2042 1152 2093 hospes,
1418 2050 1472 2082 (81)

323 2103 429 2148 Quos
461 2101 598 2153 procul
630 2113 650 2139 a
681 2100 789 2139 vobis
821 2100 968 2139 Pontus
1001 2106 1039 2139 et
1071 2100 1202 2138 Hister
1233 2098 1370 2139 habet.

198 2169 242 2200 45
262 2160 332 2200 Est
363 2161 472 2199 locus
504 2162 544 2198 in
578 2159 762 2211 Scythia,
794 2158 943 2197 Tauros
975 2158 1107 2197 dixere
1139 2159 1321 2210 priores,

323 2219 398 2264 Qui
431 2218 563 2257 Getica
595 2218 708 2268 longe
741 2229 818 2256 non
850 2219 903 2256 ita
935 2216 1051 2255 distat
1081 2217 1222 2255 humo.

264 2277 343 2316 Hac
377 2289 446 2328 ego
480 2288 566 2315 sum
599 2282 703 2315 terra
730 2298 771 2302 -
798 2277 945 2327 patriae
978 2287 1049 2313 nee
1081 2276 1253 2326 paenitet
1273 2296 1315 2301 -
1341 2280 1473 2313 ortus:
