1575 2489
556 69 596 101 V.
624 70 794 102 97—170.
1259 70 1340 111 107

187 173 323 214 Leniat
354 180 420 214 aut
451 175 581 214 odium
614 181 766 226 tempus
799 180 837 214 et
868 175 963 214 hora
994 188 1146 216 meum,

46 240 109 272 135
128 232 363 283 Pugnabunt
393 245 486 271 arcu
518 233 608 271 dum
642 233 812 272 Thraces
831 265 842 285 ,
873 233 1025 285 Iazyges
1056 235 1188 287 hasta,

187 289 286 329 Dum
318 290 473 341 tepidus
505 290 656 341 Ganges
675 323 686 343 ,
718 292 881 342 frigidus
912 291 1044 331 Hister
1076 295 1172 344 erit3

129 347 283 386 Robora
314 348 405 386 dum
438 354 618 400 montes,
651 349 743 388 dum
775 349 901 388 mollia
933 350 1072 400 pabula
1105 352 1252 403 campi,

186 405 284 444 Dum
317 406 469 444 Tiberis
501 406 666 457 liquidas
699 406 850 446 Tuscus
881 407 1039 447 habebit
1071 421 1212 460 aquas,

128 463 274 502 Tecum
304 463 404 502 bella
435 476 594 514 geram.
646 477 717 503 nec
748 477 854 504 mors
886 466 981 504 mihi
1011 467 1119 505 finiet
1149 468 1249 520 iras,

42 528 107 560 140
187 521 306 560 Saeva
338 522 405 561 sed
436 524 615 561 innocuis
647 523 824 562 manibus
857 535 961 562 arma
993 524 1121 564 dabit.

127 579 236 618 Tunc
269 592 453 632 quoque,
489 593 577 619 curn
609 581 720 620 fuero
753 593 892 620 vacuas
924 582 1095 632 dilapsus
1126 584 1167 621 in
1199 594 1338 636 auras,

184 637 381 676 Exanimis
413 651 542 677 mores
575 638 702 678 oderit
733 639 870 678 umbra
901 645 1014 691 tuos,

125 695 235 734 Tunc
262 708 417 747 quoque
442 697 633 736 factorum
653 699 802 736 veniam
829 709 978 736 memor
997 696 1136 736 umbra
1161 703 1337 748 tuorum,

183 753 371 805 Insequar
403 761 441 793 et
471 755 600 794 vultus
633 767 742 793 ossea
774 755 897 792 forma
930 760 1038 793 tuos.

42 818 106 850 145
128 811 215 850 Sive
246 824 339 863 ego,
372 812 474 862 quod
501 813 665 864 nollem,
697 812 822 862 longis
848 818 1104 864 consumptus
1131 813 1177 851 ab
1204 815 1336 865 annis,

185 869 272 908 Sive
304 882 420 908 manu
452 871 552 908 sacta
583 876 707 908 morte
740 870 890 909 solutus
923 883 1014 910 ero:

126 927 212 966 Sive
244 939 315 978 per
346 929 541 966 inmensas
573 927 745 966 iactabor
776 929 987 979 naufragus
1019 929 1167 981 undas,

181 985 399 1036 Nostraque
431 985 666 1037 longinquus
698 988 847 1025 viscera
878 988 996 1037 piscis
1029 987 1141 1025 edet:

126 1043 212 1082 Sive
244 1045 472 1094 peregrinae
504 1049 665 1094 carpent
696 1056 780 1083 mea
812 1044 985 1083 membra
1017 1045 1219 1084 volucres:

39 1107 104 1140 150
184 1101 270 1140 Sive
303 1113 388 1140 meo
420 1103 600 1152 tinguent
632 1104 819 1153 sanguine
850 1108 978 1141 rostra
1010 1103 1112 1153 lupi:

126 1159 212 1197 Sive
244 1159 382 1210 aliquis
415 1160 594 1210 dignatus
627 1162 701 1199 crit
732 1160 953 1211 subponere
985 1166 1113 1199 terrae

182 1216 231 1255 Et
262 1217 353 1255 dare
384 1217 536 1268 plebeio
569 1230 711 1269 corpus
743 1220 857 1257 inane
890 1231 1007 1269 rogo:

126 1275 321 1326 Quidquid
354 1287 450 1327 erc,
484 1275 625 1326 Stygiis
658 1288 864 1327 erumpere
896 1278 996 1315 nitar
1028 1276 1074 1315 ab
1107 1278 1209 1329 oris,

182 1333 231 1372 Et
261 1332 418 1371 tendam
449 1333 593 1384 gelidas
625 1333 728 1372 ultor
758 1336 799 1372 in
831 1346 898 1372 ora
930 1346 1089 1374 manus.

39 1398 104 1429 155
124 1391 184 1430 Me
216 1390 376 1441 vigilans
408 1403 545 1430 cernes
564 1423 575 1442 ,
607 1393 734 1430 tacitis
767 1404 837 1442 ego
870 1394 995 1430 noctis
1027 1394 1067 1430 in
1099 1392 1247 1431 umbris
1299 1396 1335 1427 (8)

182 1448 387 1487 Excutiam
419 1461 576 1487 somnos
608 1451 713 1488 visus
746 1450 881 1488 adesse
915 1456 1025 1488 tuos.

124 1507 298 1558 Denique
332 1507 519 1557 quidquid
551 1519 640 1558 ages
659 1539 670 1560 ‚
702 1514 790 1546 ante
823 1520 866 1546 os
899 1508 1110 1558 oculosque
1142 1508 1275 1547 volabo

183 1564 233 1603 Et
264 1577 434 1616 querar,
468 1571 506 1603 et
537 1565 640 1604 nulla
673 1565 764 1604 sede
798 1567 955 1616 quietus
988 1568 1088 1604 eris.

123 1622 293 1662 Verbera
325 1628 426 1661 torta
459 1623 606 1662 dabunt
639 1625 809 1662 sonitum
840 1636 1040 1675 nexaeque
1074 1624 1279 1676 colubrae,

40 1688 104 1719 160
183 1680 344 1719 Conscia
376 1681 581 1720 fumabunt
613 1694 767 1733 semper
799 1681 845 1720 ad
878 1695 944 1720 ora
976 1684 1102 1722 faces.

124 1738 193 1778 His
225 1741 333 1778 vivus
365 1740 477 1778 furiis
509 1739 704 1790 agitabere
724 1772 734 1792 ‚
766 1746 945 1779 mortuus
977 1741 1124 1792 isdem,

181 1796 230 1836 Et
260 1796 415 1835 brevior
447 1810 571 1848 poena
602 1800 678 1837 vita
711 1799 841 1837 sutura
873 1805 937 1837 tua
971 1805 1052 1837 est.

123 1854 202 1894 Nec
234 1854 304 1894 tibi
336 1857 534 1906 continget
565 1857 682 1895 funus
714 1856 973 1907 lacrimaeque
1007 1863 1188 1913 tuorum3

180 1912 469 1964 Indeploratum
499 1915 691 1964 proiciere
724 1921 861 1966 caput3

40 1978 104 2010 165
124 1970 400 2022 Carnificisque
433 1984 579 2024 manu,
610 1972 753 2023 populo
785 1973 992 2023 plaudente
1012 2005 1023 2026 ‚
1054 1972 1244 2024 traheris,

180 2028 404 2081 Infixusque
436 2031 513 2069 tuis
546 2030 700 2070 ossibus
732 2043 857 2069 uncus
890 2033 986 2069 erit.

122 2086 231 2138 Ipsae
263 2093 301 2126 te
333 2089 511 2139 fugient,
544 2101 641 2139 quae
674 2095 839 2140 carpunt
870 2091 998 2127 omnia
1017 2121 1027 2140 ,
1058 2089 1255 2140 ssammae3

181 2144 353 2196 Respuet
383 2148 550 2185 invisum
581 2149 682 2186 iusta
715 2147 877 2185 cadaver
910 2147 1073 2186 humus.

123 2201 324 2253 Unguibus
356 2209 395 2243 et
426 2210 553 2243 rostro
587 2205 731 2244 crudus
764 2205 892 2244 trahet
923 2205 987 2243 ilia
1019 2205 1149 2244 vultur

41 2267 103 2299 170
182 2260 230 2300 Et
261 2261 438 2301 scindent
469 2262 568 2302 avidi
599 2263 745 2314 perfida
777 2263 893 2301 corda
925 2275 1062 2302 canes.
