1575 2489
269 51 297 91 4
746 57 804 87 FA
810 56 999 89 STORUM

211 51 236 92 02

241 51 266 92 01

328 160 507 199 Gramina
540 163 723 200 continuo
755 161 892 200 loculis
923 162 1116 213 depromit
1147 163 1328 203 eburnis:

240 226 305 257 750
384 218 617 257 Profuerant
649 218 781 257 Glauci
814 219 990 258 manibus
1022 220 1083 258 illa
1114 223 1246 271 prius.

328 275 484 327 [Tunc‚
516 288 604 314 cum
637 276 857 315 observatas
884 279 1019 328 anguis
1046 277 1246 318 descendit
1277 279 1323 317 ad
1354 280 1531 333 umbras,

383 333 484 371 Usus
517 339 555 372 et
586 334 726 372 auxilio
759 339 818 373 est
848 337 984 384 anguis
1016 334 1062 374 ab
1094 348 1217 387 angue
1250 337 1337 375 dato
1353 337 1378 386 .]

324 391 487 429 Pectora
518 397 578 429 ter
610 393 764 444 tetigit,
796 397 856 430 ter
886 392 1004 431 verba
1036 393 1202 432 salubria
1233 395 1350 433 dixit:

382 448 609 499 Depositum
640 455 745 488 terra
777 449 934 488 sustulit
964 451 1027 488 ille
1059 457 1195 502 caput.

239 514 303 545 755
324 506 453 544 Lucus
486 519 575 545 eum
606 507 863 558 Nemorisque
894 509 981 559 tui,
1013 508 1228 562 Dictynna,
1260 523 1440 550 recessus

385 563 519 602 Celat:
562 564 718 603 Aricino
751 564 905 603 Virbius
936 566 1000 604 ille
1031 566 1139 605 lacu.

322 622 369 660 At
401 621 608 672 Clymenus
640 622 854 674 Clothoque
886 623 1039 663 dolent:
1082 624 1205 676 haec,
1237 625 1299 663 fila
1330 629 1485 678 reneri,

379 679 480 729 Hic,
511 680 598 718 fieri
629 682 738 731 regni
769 682 853 719 iura
885 683 1033 720 minora
1066 684 1148 721 sui.

321 737 495 788 Iuppiter
511 768 523 790 ,
556 738 775 788 exemplum
805 740 952 778 veritus
970 770 981 791 ‚
1013 740 1153 779 direxit
1183 742 1224 779 in
1255 742 1383 792 ipsum

238 803 304 834 760
383 795 559 834 Fulmina
578 827 588 847 ‚
620 798 686 846 qui
717 798 858 835 nimiae
892 803 1063 836 moverat
1094 800 1187 837 artis
1219 811 1353 849 opem.

320 853 474 891 Phoebe
493 885 503 904 ‚
536 853 791 905 querebaris:
837 855 933 893 deus
966 861 1053 907 est,
1084 856 1235 906 placare
1267 858 1441 908 parenti3

378 911 544 962 Propter
575 918 612 950 te
631 943 642 963 ‚
673 913 758 950 fieri
790 912 893 963 quod
924 919 1055 965 vetat,
1088 916 1170 965 ipse
1203 915 1317 953 facit.

542 986 608 1026 21.
640 983 721 1026 DC
782 986 849 1026 22.
880 985 958 1027 EC
1020 987 1087 1028 23.
1118 986 1193 1028 FO

320 1056 404 1094 Non
437 1068 507 1106 ego
539 1063 577 1094 te
596 1087 607 1107 ,
639 1059 812 1106 quamvis
844 1057 1071 1107 properabis
1102 1059 1285 1108 vincere,
1318 1058 1481 1109 Caesar,

379 1113 419 1151 Si
450 1119 555 1152 vetet
586 1115 801 1164 auspicium
820 1145 830 1164 ‚
862 1116 970 1164 signa
1001 1126 1156 1153 movere
1188 1115 1325 1154 velim.

234 1180 299 1210 765
323 1171 408 1210 Sint
439 1171 510 1210 tihi
542 1171 751 1210 Flaminius
783 1171 1086 1223 Trasimenaque
1117 1172 1230 1211 litora
1261 1179 1404 1225 testes,

380 1229 456 1267 Per
486 1229 664 1268 volucres
696 1241 839 1280 aequos
871 1230 990 1268 multa
1022 1242 1180 1268 monere
1213 1231 1327 1269 deos.

318 1287 509 1338 Tempora
542 1289 575 1325 si
606 1289 747 1326 veteris
780 1289 935 1338 quaeris
967 1290 1172 1326 temeraria
1204 1289 1354 1340 damni,

378 1345 547 1390 Quartus
580 1345 626 1383 ab
659 1351 830 1383 extremo
863 1357 996 1384 mense
1028 1345 1087 1384 bis
1119 1345 1181 1384 ille
1215 1347 1319 1385 dies.

318 1403 478 1441 Postera
503 1403 567 1441 lux
595 1403 754 1441 melior.
799 1409 958 1454 superat
976 1403 1177 1442 Masinissa
1199 1404 1430 1457 Syphacem,
1452 1414 1526 1446 (225)

231 1469 297 1500 770
375 1460 424 1499 Et
457 1462 596 1500 cecidit
626 1461 714 1499 telis
746 1461 963 1499 Hasdrubal
993 1463 1076 1512 ipse
1109 1464 1211 1500 suis.

772 1535 838 1575 24.
872 1533 950 1575 GC

318 1605 509 1656 Tempora
539 1605 722 1644 labuntur
741 1636 752 1657 ,
784 1607 989 1656 tacitisque
1022 1607 1261 1644 senescimus
1293 1609 1426 1658 annis,

377 1663 427 1701 Et
459 1663 613 1713 Fugiunt
644 1664 754 1701 freno
786 1676 864 1701 non
895 1670 1114 1702 remorante
1147 1664 1252 1702 dies.

319 1721 442 1767 Quam
474 1722 550 1759 cito
583 1727 774 1760 venerunt
806 1721 1000 1760 Fortunae
1031 1721 1160 1760 Fortis
1192 1721 1382 1760 honores!

376 1779 468 1817 Post
500 1784 648 1829 septem
679 1779 786 1817 luces
818 1778 953 1817 Iunius
985 1784 1096 1817 actus
1128 1780 1223 1818 erit.

234 1845 297 1876 775
317 1836 373 1875 Ite
393 1868 403 1887 ,
436 1837 546 1875 deam
577 1837 666 1875 laeti
698 1837 853 1875 Fortem
886 1837 1078 1876 celebrate
1097 1868 1107 1888 ‚
1140 1836 1334 1882 Quirites!

376 1895 419 1933 ln
452 1895 604 1933 Tiberis
635 1896 717 1946 ripa
749 1907 911 1933 munera
942 1897 1046 1945 regis
1077 1894 1214 1933 habet.

317 1953 411 1992 Pars
444 1953 540 2003 pede
560 1984 570 2003 ‚
603 1965 691 2003 pars
724 1955 838 1992 etiam
872 1953 990 1991 celeri
1021 1953 1216 1991 decurrite
1249 1952 1408 2004 cumba,

379 2011 458 2049 Nec
490 2011 633 2061 pudeat
664 2017 775 2062 polos
806 2011 895 2049 inde
927 2011 1055 2049 redire
1088 2011 1267 2049 domum.

318 2069 431 2108 Ferte
465 2075 670 2107 coronatae
702 2071 885 2108 iuvenum
918 2070 1088 2107 convivia
1121 2069 1279 2119 mitres,

231 2135 298 2166 780
376 2127 572 2177 Multaque
604 2140 674 2178 per
707 2128 850 2166 medias
883 2129 968 2165 vina
1000 2127 1182 2165 bibantur
1213 2138 1354 2176 aquas.

318 2184 432 2223 Plebs
465 2186 555 2223 colit
585 2185 683 2223 hanc
703 2216 714 2237 ,
746 2187 834 2236 quia
868 2187 934 2236 qui
965 2186 1122 2236 posuit,
1155 2185 1201 2223 de
1233 2183 1345 2235 plebe
1377 2184 1497 2222 fuisse

376 2242 518 2282 Fertur
537 2275 547 2295 ,
580 2249 618 2282 et
649 2256 696 2281 ex
727 2243 863 2282 humili
895 2250 1047 2294 sceptra
1078 2243 1214 2281 tulisse
1246 2242 1353 2280 loco.
