1601 2484
178 80 298 115 XVIII

178 189 379 239 mitat-um,
416 191 461 226 ut
497 189 618 225 habet
653 188 838 225 Pacatus:
876 187 916 225 in
946 187 1076 225 Fastis
1114 188 1208 226 satis
1245 189 1430 237 frequens
1466 188 1507 225 id

180 259 303 296 genus
343 247 715 295 supplementorum.
786 257 821 282 v.
855 246 936 284 292
969 246 1072 294 quod
1103 246 1222 295 edidi,
1259 246 1387 294 potuit
1422 246 1506 294 ipse

180 300 678 353 interpolatoi·‘''praeferre:
706 303 898 351 explorati
922 303 1020 340 nihil
1039 306 1108 342 est.
1175 316 1210 342 v.
1232 305 1316 342 434
1339 303 1509 350 Celeique

180 363 286 410 dedi,
329 361 432 410 quod
467 373 545 398 non
580 360 776 408 videbam,
816 373 890 408 quo
928 361 1042 399 modo
1073 361 1296 410 Harpalyce
1332 361 1398 399 vel
1427 361 1507 399 fflio

179 421 243 458 vel
272 420 396 457 fratre
427 419 662 467 interempto
693 420 771 456 vim
800 421 968 456 numinis
998 419 1287 467 temptavisset:
1326 422 1360 456 te
1382 421 1508 466 posito

184 490 263 515 non
295 477 341 514 de
372 489 508 514 mensa
538 476 719 525 apposita
748 476 1051 525 interpretabar,
1084 477 1152 514 sed
1183 478 1230 514 de
1263 476 1338 514 alio
1371 477 1508 526 quovis

179 535 285 573 vitae
323 534 561 582 discrimine,
599 535 660 572 cui
699 534 871 572 obiectus
908 547 1006 583 puer
1042 536 1082 572 et
1113 535 1222 573 velut
1253 535 1507 583 interpositus

180 593 330 631 fuisset.
404 592 636 640 Demophon
679 591 785 629 Celei
827 592 929 629 filius
971 593 1075 641 apud
1117 592 1400 641 Apollodorum
1430 593 1450 629 Ι
1483 594 1506 630 5

182 651 436 699 comburitur,
463 650 553 699 quia
580 662 688 688 soror
707 651 874 687 clamore
897 650 1050 687 sublato
1070 652 1147 688 vim
1165 652 1335 688 numinis
1354 653 1509 698 tempta-

180 712 296 747 verat.
371 709 417 746 de
454 708 650 746 locutione
681 708 766 756 ipsa
797 708 871 745 hac
901 719 978 745 non
1010 707 1287 757 dubitaverim,
1321 708 1389 745 sed
1418 720 1509 755 pen-

181 768 350 804 tameter
390 766 432 803 in
468 778 511 803 re
550 766 719 803 absurda
762 765 986 803 duriuscula
1028 766 1170 813 utitur,
1215 761 1274 803 etu
1318 766 1370 803 sis
1413 761 1509 808 ille',

183 837 259 873 qua
283 824 542 872 interpolator
574 824 694 861 etiam
726 824 807 861 509
840 825 937 861 443.
1009 835 1079 861 nec
1109 822 1212 871 quod
1243 825 1327 861 492
1361 823 1511 860 editum

182 884 242 919 est
281 882 405 919 multo
437 882 581 919 rectius
613 882 750 931 habet,
795 893 910 930 quam
948 881 1049 930 quod
1079 880 1261 918 falsarius
1294 893 1356 929 eo,
1394 893 1510 929 quem

181 940 342 977 Ellisius
380 939 583 988 indicavit,
622 951 737 977 sensu
775 939 947 987 scripsit:
991 939 1093 988 apud
1129 939 1242 975 illum
1282 950 1404 985 aquae
1438 951 1509 987 pro

182 997 344 1046 rupibus
383 999 452 1035 aut
491 997 569 1035 aris
601 996 726 1035 dietae
760 997 978 1044 offendunt,
1014 998 1164 1034 momine
1200 998 1322 1043 saepit
1352 996 1509 1034 Ovidia-

181 1067 274 1092 num
311 1067 390 1092 non
426 1059 495 1092 est.
566 1055 742 1103 proximo
780 1067 896 1092 versu
933 1055 1012 1092 Nee
1047 1055 1225 1103 intellegi
1255 1055 1435 1092 Volebam
1465 1056 1511 1091 ut

181 1113 274 1150 Met.
307 1113 341 1147 V
368 1115 413 1161 33
445 1125 489 1150 ac
521 1112 623 1161 quod
654 1113 756 1149 infra
787 1114 847 1150 est
874 1113 954 1150 559
985 1114 1068 1150 560
1101 1112 1237 1150 eodem
1264 1124 1390 1161 sensu,
1422 1124 1510 1150 cum

182 1171 255 1208 hoc
294 1183 339 1208 ex
376 1170 512 1208 eodem
543 1170 740 1208 Ciceronis
783 1170 866 1208 loco
903 1170 1040 1207 inferri
1076 1170 1219 1217 potuIt:
1265 1171 1333 1207 sed
1369 1182 1440 1208 nec
1471 1171 1511 1206 in

182 1229 365 1266 Tiberino
404 1230 489 1266 514
527 1228 635 1265 aliud
673 1240 788 1276 quam
824 1230 992 1264 mortem
1023 1227 1220 1265 recensuit
1249 1227 1376 1265 homo.
1449 1240 1511 1264 re-

183 1289 290 1324 stant
332 1286 470 1335 igitur,
515 1297 680 1334 quarum
717 1285 844 1322 minus
885 1285 1102 1333 paeniteat,
1148 1285 1390 1323 coniecturae
1428 1287 1510 1323 tres

181 1346 245 1383 vel
283 1346 480 1393 quattuor.
552 1357 588 1382 v.
624 1344 706 1381 140
743 1345 922 1381 immanis
953 1343 1034 1380 sive
1065 1345 1106 1380 in
1135 1345 1262 1381 manis
1290 1343 1405 1390 pauci
1435 1343 1511 1380 mei

182 1403 274 1440 libri
323 1402 532 1440 habebant.
605 1400 844 1438 Schraderus
893 1400 1154 1449 adscripserat
1202 1396 1379 1438 ‘videtur
1427 1413 1509 1438 eor-

183 1462 345 1508 ruptum
377 1490 384 1496 .
417 1459 464 1496 de
501 1459 590 1497 vivo
629 1459 712 1507 agit
749 1459 799 1496 ad
835 1471 869 1496 v.
911 1454 1019 1496 161².
1093 1458 1279 1496 correctio
1317 1470 1394 1496 non
1431 1459 1511 1496 vio-

182 1519 300 1556 lenta.
373 1529 408 1555 v.
442 1518 523 1555 357
557 1517 763 1565 intellego,
802 1512 849 1553 esi
881 1516 941 1553 cui
972 1516 1066 1554 facis
1098 1516 1246 1565 ignem,
1285 1517 1422 1554 ardeat
1453 1529 1510 1564 eo,

183 1589 258 1625 quo
291 1571 467 1613 Canace’.
539 1576 664 1622 faeere
699 1586 848 1612 somnos
879 1577 939 1612 est
969 1574 1074 1612 Fast.
1105 1574 1165 1611 HI
1199 1575 1263 1621 18,
1293 1576 1419 1621 faeere
1449 1576 1512 1612 elo-

184 1635 316 1677 lorem,
361 1633 603 1682 desiderium,
647 1634 764 1676 iram,
808 1634 977 1670 timorem
1012 1632 1202 1682 vulgaria.
1275 1645 1311 1671 v.
1350 1634 1432 1670 512
1471 1633 1512 1670 in

183 1692 374 1730 librorum
406 1691 600 1739 scriptura
624 1690 741 1729 Stella
765 1690 1026 1738 Leoprepidae
1057 1702 1141 1728 eum
1172 1691 1247 1737 fuit
1278 1702 1399 1738 aequa
1430 1693 1512 1728 viro

184 1750 447 1798 Leoprepidae
487 1750 570 1787 viro
613 1749 696 1786 iure
740 1749 971 1797 displicebat
1014 1747 1247 1796 SchraderO,
1291 1749 1513 1797 temptabat

186 1810 254 1847 dei.
301 1819 421 1854 aequa
452 1806 683 1856 languidum
713 1819 784 1844 nec
815 1807 981 1845 latinum
1014 1805 1187 1855 quidem,
1226 1806 1302 1843 nisi
1334 1807 1382 1843 ad
1412 1806 1512 1844 illud

185 1867 283 1905 velis
314 1866 476 1914 referre,
515 1865 615 1914 quod
653 1867 712 1902 est
749 1864 852 1913 apud
883 1864 1124 1913 Ciceronem,
1161 1866 1346 1911 reliquum
1377 1877 1403 1902 a
1432 1867 1513 1903 suis

188 1925 421 1972 Tyndaridis
444 1926 595 1970 peteret.
662 1923 829 1961 maxime
860 1935 952 1961 vero
984 1923 1242 1971 improbabile
1268 1922 1377 1971 illud,
1410 1922 1512 1971 quod

187 1983 307 2021 etiam
327 1981 564 2020 Schraderus
584 1982 715 2030 habet,
748 1977 878 2019 estella
897 1993 966 2029 pro
988 1977 1250 2030 Tyndaridis',
1277 1992 1513 2030 quamquam

188 2041 340 2079 adiecto
378 2035 508 2077 ‘modo
547 2039 598 2076 sit
634 2040 741 2077 locus
781 2035 923 2077 sanus'.
998 2039 1045 2076 de
1083 2039 1352 2077 catasterismo
1385 2037 1513 2076 Gemi-

187 2112 327 2137 norum
356 2110 470 2136 nemo
497 2097 696 2146 cogitabit,
729 2109 964 2147 quamquam
988 2098 1095 2136 stella
1118 2109 1189 2146 pro
1215 2098 1336 2135 sidere
1360 2096 1514 2134 dicitur.

190 2158 258 2197 sed
293 2169 364 2195 nec
401 2157 507 2195 siclus
538 2156 642 2194 Fast.
674 2155 710 2192 V
745 2157 826 2194 720
864 2155 971 2192 aliud
1002 2155 1196 2204 significat
1228 2167 1346 2204 quam
1377 2154 1512 2192 stellas

188 2217 288 2262 illas,
321 2227 416 2264 quas
448 2214 568 2252 moris
586 2214 662 2252 fuit
681 2210 942 2261 ἀναπέμπειν
963 2210 1020 2251 εἰς
1040 2212 1116 2261 τὴν
1135 2213 1221 2251 τῶν
1242 2210 1514 2260 Διοσκούρων

190 2270 462 2322 ἐπιφάνειαν,
493 2272 604 2310 Diod.
636 2271 692 2309 IV
725 2273 796 2321 433
835 2271 902 2309 sed
939 2270 1037 2309 τοὺς
1075 2269 1398 2319 χειμαζομένους
1428 2269 1514 2307 τῶν
