1575 2489
165 55 248 96 318
699 55 953 87 PASTORUM

281 164 392 215 Ibat,
423 169 468 201 ut
499 162 653 201 Oceano
687 168 918 212 quereretur
950 162 1049 199 facta
1080 163 1231 213 mariti3

322 221 496 271 ,Restitit
529 220 574 257 ad
606 226 760 258 nostras
792 220 894 257 fessa
925 218 1055 257 labore
1088 220 1214 259 fores.

195 287 260 318 235
282 279 403 324 Quam
437 277 551 316 simul
583 279 743 328 aspexi,
776 273 905 327 “quid
937 282 1003 324 te,
1037 276 1216 316 Saturnia
1237 273 1283 326 ,’'
1316 277 1393 315 dixi

340 333 508 374 “Attulit
527 332 583 373 ‘?’'
617 336 805 385 exponit,
839 347 954 384 quem
986 340 1120 386 petat,
1151 335 1215 373 illa
1248 335 1396 386 locum,

280 394 436 432 Addidit
468 399 506 431 et
538 405 722 431 causam.
777 392 905 430 verbis
938 392 1088 431 solabar
1120 395 1275 431 amicis.

339 448 500 490 “Non''
533 452 661 501 inquit
692 447 858 488 “verbis
891 462 984 489 cura
1016 450 1173 489 levanda
1205 463 1290 488 mea
1322 456 1401 489 est.

284 509 324 548 Si
355 515 465 560 pater
498 514 556 547 est
587 510 713 547 sactus
746 508 921 558 neglecto
954 510 1129 558 coniugis
1161 520 1235 547 usu

195 577 261 607 240
340 568 514 618 Iuppiter
533 598 543 618 ,
576 573 615 605 et
646 566 751 605 solus
783 578 924 604 nomen
956 572 1166 616 utrumque
1198 572 1328 617 tenet,

282 626 358 664 Cur
391 638 461 676 ego
494 625 698 675 desperem
730 625 816 662 fieri
847 625 929 662 sine
963 625 1127 674 coniuge
1158 630 1304 675 mater,

339 684 387 722 Et
419 695 556 733 parere
588 684 732 721 intacto
752 713 762 733 ,
795 682 1002 721 dummodo
1035 688 1138 720 casta
1158 713 1168 733 ,
1200 680 1317 720 viro?

282 742 417 781 Omnia
450 740 645 792 temptabo
677 741 764 779 latis
795 740 1049 779 medicamina
1080 741 1221 791 terris,

338 799 388 838 Et
418 800 515 838 freta
548 799 756 837 Tartareos
788 800 1059 849 excutiamque
1092 793 1261 837 sinus.''

195 866 260 897 245
283 858 361 896 Vox
394 864 476 896 erat
506 859 547 895 in
579 869 728 895 cursu:
772 856 918 895 voltum
951 856 1162 895 dubitantis
1195 855 1403 894 habebam.

340 913 514 954 “Nescio
548 915 639 966 quid
659 946 669 966 ,
702 914 897 966 nymphe,
930 927 1043 965 posse
1076 910 1255 952 videris”
1289 915 1362 952 ait.

281 974 357 1012 Ter
388 974 492 1011 volui
523 975 749 1024 promittere
783 984 924 1024 opem,
962 979 1022 1011 ter
1060 972 1189 1022 lingua
1226 977 1377 1011 retenta
1410 978 1490 1011 est:

339 1031 399 1069 Ira
430 1031 530 1069 Iovis
563 1033 690 1082 magni
724 1043 838 1069 causa
870 1032 1020 1069 timoris
1053 1036 1158 1068 erat.

281 1087 420 1140 “Fer,
453 1101 591 1140 precor
610 1119 620 1139 ,
654 1085 898 1127 auxilium!”
933 1089 1028 1126 dixit
1060 1085 1286 1126 “celabitur
1318 1084 1486 1126 auetor⁹'

194 1156 260 1186 250
340 1147 387 1185 Et
421 1147 574 1197 Stygiae
607 1158 749 1184 numen
784 1147 1013 1184 testificatur
1046 1157 1189 1195 aquae.

283 1203 431 1250 eeQuod
458 1206 581 1256 petis,
606 1200 788 1242 Oleniis''
816 1206 974 1255 inquam
1001 1200 1127 1241 “mihi
1153 1204 1293 1242 missus
1320 1203 1365 1241 ab
1393 1205 1489 1242 arvis

339 1263 428 1301 Flos
461 1263 594 1301 dabit:
638 1268 698 1301 est
729 1262 852 1301 hortis
887 1264 1024 1300 unicus
1056 1261 1120 1300 ille
1152 1263 1270 1300 meis.

281 1321 356 1367 Qui
389 1320 532 1373 dabat,
565 1317 743 1360 “heom
776 1321 872 1359 dixit
904 1317 1130 1359 msterilem
1164 1331 1318 1370 quoque
1350 1326 1461 1371 tange

594 1424 607 1430 -
1004 1380 1204 1416 iuvencam
1217 1410 1228 1429 ,

338 1437 460 1476 Mater
493 1439 568 1476 erit
587 1434 650 1476 :⁹⁹⁹
693 1438 833 1488 tetigi,
864 1449 936 1475 neo
968 1448 1103 1488 mora,
1135 1442 1259 1474 mater
1292 1442 1374 1475 erat
1387 1432 1426 1474 .”

195 1504 260 1534 255
281 1496 465 1534 Protinus
499 1496 723 1534 haerentem
755 1495 932 1546 decerpsi
964 1494 1102 1545 pollice
1134 1494 1293 1545 ssorem;

340 1553 557 1605 Tangitur,
590 1560 629 1592 et
660 1560 761 1592 tacto
795 1554 963 1603 concipit
995 1553 1059 1591 illa
1091 1554 1201 1590 sinu.

281 1611 437 1662 Iamque
471 1613 596 1662 gravis
628 1611 807 1649 Thracen
840 1617 878 1649 et
909 1610 1013 1649 laeva
1043 1610 1302 1661 Propontidos
1333 1611 1473 1662 intrat,

340 1669 480 1720 Fitque
513 1675 651 1720 potens
685 1671 791 1720 voti,
823 1668 1002 1719 Marsque
1036 1674 1190 1707 creatus
1224 1674 1327 1707 erat.

283 1727 357 1773 Qui
389 1739 537 1766 memor
570 1729 719 1778 accepti
749 1739 820 1777 per
852 1739 912 1765 me
944 1726 1080 1764 natalis
1113 1723 1288 1764 “habeto
1420 1736 1492 1767 (169)

195 1794 262 1826 260
341 1786 398 1824 Tu
432 1798 586 1837 quoque
619 1782 840 1824 Romulea''
875 1785 970 1823 dixit
1003 1782 1079 1823 “in
1110 1783 1208 1823 urbe
1239 1781 1427 1823 locum.''

283 1844 462 1882 Forsitan
494 1846 534 1882 in
567 1845 712 1882 teneris
744 1849 895 1882 tantum
926 1855 1010 1881 mea
1042 1855 1161 1893 regna
1193 1844 1346 1881 coronis

339 1902 436 1940 Esse
468 1908 582 1953 putes
601 1900 622 1940 P
663 1903 786 1952 tangit
816 1913 960 1940 numen
993 1907 1032 1940 et
1063 1913 1151 1939 arva
1184 1912 1336 1939 meum.

285 1960 325 1998 Si
357 1960 455 1999 bene
487 1960 693 1999 floruerint
725 1965 877 2010 segetes
896 1990 907 2011 ,
940 1961 1014 1998 erit
1045 1971 1133 1997 area
1165 1958 1295 1998 dives:

344 2018 386 2057 Si
416 2018 515 2057 hene
547 2019 726 2057 floruerit
757 2020 866 2056 vinea
885 2049 895 2069 ,
927 2017 1102 2055 Bacchus
1134 2018 1231 2067 erit3

195 2085 261 2117 265
284 2077 324 2115 Si
356 2076 455 2115 bene
486 2077 693 2115 floruerint
724 2075 859 2127 oleae,
891 2075 1145 2113 nitidissimus
1178 2086 1324 2126 annus3

340 2134 536 2185 Pomaque
568 2140 798 2185 proventum
831 2135 1016 2184 temporis
1048 2133 1163 2171 huius
1195 2132 1359 2171 habent.

283 2193 395 2231 Flore
428 2193 549 2231 semel
579 2193 683 2231 laeso
716 2198 883 2243 pereunt
914 2193 1110 2242 viciaeque
1143 2190 1353 2243 fabaeque,

342 2250 391 2289 Et
420 2257 588 2301 pereunt
619 2251 767 2302 lentes,
799 2250 942 2289 advena
973 2249 1081 2301 Nile,
1113 2255 1225 2289 tuae.
