1575 2489
163 90 247 132 288
702 91 953 124 FASTORUM

280 199 410 238 Litore
445 198 613 237 siccabat
644 204 822 237 rorantes
854 198 955 236 nuda
988 197 1167 248 capillos:

334 256 526 295 ‘Viderunt
559 258 704 308 satyri,
737 255 850 295 turha
882 261 1090 307 proterva,
1122 257 1253 295 deam.

281 314 438 366 Sensit,
472 320 510 352 et
541 315 717 365 opposita
749 315 844 352 texit
875 326 943 352 sua
975 325 1138 364 corpora
1169 319 1317 365 myrtO.

339 372 438 410 Tuta
470 372 542 410 fuit
574 372 673 410 sacto
692 403 703 424 ,
735 383 878 422 vosque
911 372 1059 410 referre
1091 371 1220 411 iubet.

194 438 257 469 145
279 430 421 469 Discite
454 442 587 481 nunc,
621 441 740 480 quare
771 429 964 468 Fortunae
997 435 1083 468 tura
1115 429 1223 468 Virili

339 488 444 526 Detis
477 500 551 539 eo,
584 487 705 526 calida
737 489 803 538 qui
833 487 942 526 locus
974 492 1081 526 umet
1111 500 1230 538 aqua.

280 546 428 596 Accipit
458 545 522 584 ille
554 545 662 584 locus
694 546 820 597 posito
853 545 1038 583 velamine
1071 552 1230 584 cunctas

338 604 387 642 Et
420 605 555 642 vitium
587 603 681 642 nudi
713 605 887 654 corporis
920 615 1033 641 omne
1065 603 1189 642 videt.

282 661 329 700 Ut
361 667 463 712 tegat
494 662 567 700 hoc
600 662 775 712 celetque
807 663 939 713 viros,
971 661 1141 699 Fortuna
1173 661 1300 699 Virilis

194 728 259 758 150
338 719 540 771 Praestat,
574 725 612 758 et
643 719 716 758 hoc
749 731 864 770 parvo
898 725 984 758 ture
1017 724 1148 770 rogata
1180 720 1291 757 facit.

279 777 357 816 Nec
390 779 518 828 pigeat
549 779 684 816 tritum
717 779 827 815 niveo
860 789 949 815 cum
980 777 1077 815 lacte
1109 788 1273 828 papaver

341 835 503 874 Sumere
536 841 574 874 et
606 837 800 886 expressis
832 835 945 873 mella
976 834 1118 886 liquata
1151 836 1267 873 favis.

281 893 375 932 Cum
408 895 576 944 primum
608 893 748 944 cupido
782 892 909 932 Venus
942 899 1000 931 est
1033 893 1196 931 deducta
1229 894 1388 942 marito,

339 951 421 990 Hoc
453 951 578 990 bibit:
624 963 669 990 ex
701 951 765 989 illo
798 958 971 1002 tempore
1003 956 1123 1002 nupta
1155 952 1248 989 suit.

195 1017 258 1048 155
281 1009 528 1060 Supplicibus
561 1009 688 1047 verbis
720 1009 823 1047 illam
855 1009 1031 1060 placate:
1075 1009 1146 1047 sub
1178 1009 1241 1047 illa

340 1067 386 1105 Et
417 1068 540 1105 forma
572 1072 610 1105 et
641 1079 769 1105 mores
802 1072 840 1105 et
871 1067 971 1105 bona
1003 1067 1100 1105 fama
1132 1072 1282 1105 manet.

280 1125 399 1163 Roma
430 1125 616 1175 pudicitia
647 1136 879 1175 proavorum
912 1130 1085 1175 tempore
1118 1124 1222 1174 lapsa
1255 1129 1335 1162 est:

338 1183 539 1233 Cymaeam
558 1214 569 1234 ,
601 1188 753 1221 veteres
772 1213 782 1233 ,
815 1182 1065 1221 consuluistis
1099 1194 1236 1220 anum.

280 1241 438 1291 Templa
470 1240 578 1279 iubet
610 1241 694 1279 fieri
726 1240 894 1279 Veneri.
952 1240 1093 1291 quihus
1126 1240 1261 1278 ordine
1294 1240 1403 1278 factis

194 1307 258 1338 160
338 1299 430 1337 Inde
464 1299 592 1337 Venus
624 1311 736 1337 verso
768 1300 924 1337 nomina
956 1298 1072 1337 corde
1105 1303 1233 1337 tenet.

280 1357 442 1408 Semper
474 1357 519 1395 ad
552 1357 748 1395 Aeneadas
780 1357 956 1408 placidO,
989 1356 1280 1408 pulcherrima,
1312 1355 1416 1394 voltu

336 1415 500 1466 Respice
520 1446 530 1466 ,
564 1421 697 1465 totque
730 1422 815 1454 tuas
835 1446 845 1466 ,
877 1415 991 1467 diva,
1023 1420 1134 1453 tuere
1166 1426 1310 1453 nurus.

279 1473 376 1512 Dum
408 1473 574 1524 loquor,
607 1473 727 1511 elatae
760 1473 992 1511 metuendus
1025 1474 1201 1511 acumine
1233 1471 1376 1511 caudae

338 1531 519 1583 Scorpios
552 1532 592 1569 in
625 1531 756 1570 viridis
788 1532 1067 1582 praecipitatur
1098 1542 1238 1581 aquas.

721 1622 759 1664 2.
795 1622 831 1663 D
859 1621 926 1673 [F]

193 1713 257 1744 165
279 1705 361 1743 Nox
394 1705 460 1743 ubi
492 1707 718 1757 transierit,
751 1705 977 1755 caelumque
1010 1704 1220 1743 rubescere
1251 1705 1374 1757 primo

337 1763 546 1815 Coeperit,
578 1769 617 1802 et
647 1769 770 1802 tactae
803 1775 891 1801 rore
924 1768 1139 1814 querentur
1171 1775 1282 1814 aves,

281 1821 592 1872 semiustamque
627 1822 748 1860 facem
781 1821 932 1872 vigilata
964 1826 1077 1859 nocte
1110 1822 1230 1859 viator

336 1880 488 1932 Ponet,
520 1886 558 1918 et
590 1880 635 1918 ad
669 1880 824 1918 solitum
856 1881 1027 1918 rusticus
1058 1878 1128 1917 ibit
1160 1891 1279 1930 opus,

278 1937 451 1976 Pleiades
484 1939 672 1989 incipient
702 1949 859 1976 umeros
891 1937 1062 1976 relevare
1094 1942 1293 1988 paternos,

193 2004 259 2035 170
338 1995 443 2040 Quae
476 2002 624 2047 septem
657 1996 761 2048 dici,
794 2008 861 2034 sex
893 2001 1020 2034 tamen
1052 2007 1137 2033 esse
1170 1995 1317 2034 solent:

279 2053 356 2092 Seu
389 2054 491 2104 quod
523 2056 562 2092 in
595 2054 813 2105 amplexum
845 2066 911 2092 sex
942 2053 1032 2092 hinc
1058 2065 1198 2091 venere
1231 2054 1414 2104 deorum,
1441 2072 1484 2079 -

336 2111 431 2150 Nam
465 2112 656 2163 Steropen
688 2113 800 2150 Marti
832 2111 1088 2150 concubuisse
1122 2111 1275 2162 ferunt,

278 2169 457 2220 Neptuno
491 2170 686 2221 Alcyonen
720 2177 757 2209 et
789 2176 825 2208 te
845 2201 855 2221 ‚
887 2170 1055 2207 formosa
1088 2169 1276 2221 Celaen03

334 2227 457 2266 Maian
490 2234 528 2267 et
559 2228 752 2267 Electram
783 2228 1055 2279 Taygetenque
1087 2227 1167 2266 Iovi
1197 2249 1241 2254 —-

194 2292 256 2324 175
281 2284 452 2335 Septima
484 2286 636 2325 mortali
668 2287 823 2338 Merope
856 2285 954 2337 tibi,
989 2285 1150 2336 Sisyphe
1170 2317 1180 2337 ,
1214 2286 1366 2337 nupsit,
