1575 2489
198 90 283 131 310
735 90 987 122 FASTORUM

373 197 532 236 Obstitit
562 198 602 235 in
634 196 759 234 media
791 196 951 235 candida
983 195 1097 234 turba
1128 198 1186 235 via
1205 227 1213 235 .

315 256 472 294 Flamen
503 257 542 293 in
575 256 754 304 antiquae
786 253 919 292 lucum
950 253 1149 304 Robiginis
1181 253 1283 304 ibat,

371 313 468 352 Exta
500 314 605 351 canis
636 312 800 350 flammis
820 343 830 362 ,
863 318 948 350 exta
981 312 1141 350 daturus
1165 314 1277 350 ovis.

315 372 497 409 Protinus
530 372 705 419 accessi,
737 372 836 408 ritus
869 382 917 408 ne
950 372 1104 408 nescius
1138 382 1284 408 essem.

227 439 294 469 910
373 428 503 467 Edidit
534 428 628 466 haee
659 428 798 466 flamen
830 427 974 479 verba,
1008 428 1168 473 Quirine
1188 460 1198 479 ,
1232 435 1343 467 tuus:

315 485 476 537 ‘Aspera
507 486 684 537 Robigo,
717 498 852 536 parcas
886 485 1099 524 Cerialibus
1131 485 1286 534 herbis,

373 545 422 583 Et
452 550 594 583 tremat
625 546 662 582 in
697 556 846 582 summa
878 543 959 582 leve
993 556 1178 583 cacumen
1209 544 1347 582 humo.

315 603 374 642 Tu
406 608 487 641 sata
520 602 713 641 sideribus
745 602 840 640 caeli
872 604 1016 640 nutrita
1050 602 1212 640 secundi

375 661 590 711 Crescere,
623 660 715 698 dum
746 661 839 698 fiant
871 660 1033 698 falcibus
1066 666 1181 711 apta,
1214 661 1339 698 sinas.

229 729 295 759 915
317 719 380 758 Vis
413 726 478 757 tua
510 731 586 757 non
620 718 713 757 levis
746 725 827 757 est:
872 730 969 769 quae
1002 725 1044 757 tu
1076 719 1270 756 frumenta
1303 719 1467 764 notasti,

374 778 544 816 Maestus
575 779 615 815 in
649 778 800 815 amissis
831 776 894 814 illa
927 777 1087 815 colonus
1119 776 1257 815 habet.

317 836 396 874 Nec
428 837 532 874 venti
564 841 714 874 tantum
748 835 881 873 Cereri
913 847 1082 873 nocuere
1102 866 1112 886 ,
1144 847 1216 873 nec
1248 833 1416 884 imbres,

375 894 454 932 Nec
486 895 541 932 sic
573 905 790 932 marmoreo
823 892 939 943 pallet
972 893 1106 931 adusta
1138 893 1248 944 gelu,

317 952 542 1002 Quantum,
575 954 607 989 si
640 951 788 989 culmos
821 950 933 989 Titan
964 951 1158 989 incalfacit
1189 951 1308 989 udos.

231 1019 296 1049 9⁶20
376 1010 485 1048 Tunc
517 1010 625 1047 locus
658 1017 717 1048 est
748 1011 826 1047 irae
847 1040 857 1060 ,
890 1009 973 1047 diva
1005 1009 1174 1048 timenda
1193 1040 1204 1060 ,
1236 1015 1347 1047 tuae.

317 1068 464 1119 Parce,
496 1079 636 1118 precor
655 1099 666 1119 ,
698 1067 932 1118 scabrasque
958 1079 1095 1105 manus
1128 1079 1147 1104 a
1174 1067 1366 1105 messibus
1399 1066 1506 1105 aufer

376 1125 479 1164 Neve
512 1137 608 1164 noce
642 1125 784 1176 cultis3
817 1137 931 1176 posse
964 1137 1105 1163 nocere
1139 1130 1196 1163 sat
1228 1130 1308 1163 est..

318 1184 396 1222 Nec
429 1190 583 1222 teneras
617 1189 768 1233 segetes
788 1215 798 1233 ,
830 1183 897 1221 sed
924 1183 1066 1221 durum
1093 1182 1326 1233 amplectere
1359 1183 1506 1221 ferrum

378 1242 567 1292 Quodque
599 1247 729 1292 potest
760 1241 853 1279 alios
885 1241 1049 1292 perdere
1069 1272 1080 1291 ,
1111 1241 1229 1292 perde
1262 1242 1391 1292 prior.

231 1310 297 1340 925
318 1301 457 1339 Utilius
490 1300 635 1350 gladios
669 1305 707 1338 et
738 1299 813 1338 tela
846 1301 1023 1338 nocentia
1056 1311 1215 1350 carpes3

376 1359 438 1397 Nil
470 1371 567 1408 opus
601 1364 660 1396 est
691 1357 796 1409 illis,
828 1359 905 1396 otia
938 1357 1105 1396 mundus
1138 1359 1237 1408 agit.

320 1417 478 1455 Sarcula
510 1428 613 1454 nunc
646 1416 847 1467 durusque
878 1416 1016 1454 bidens
1049 1423 1087 1454 et
1117 1428 1250 1454 vomer
1281 1415 1478 1467 aduncus,

377 1475 493 1513 Ruris
526 1486 619 1525 opes
638 1506 648 1525 ,
681 1476 857 1526 niteant,
889 1476 1066 1525 inquinet
1098 1486 1201 1512 arma
1235 1475 1354 1513 situs.

320 1533 567 1583 Conatusque
600 1532 739 1583 aliquis
771 1534 906 1583 vagina
938 1532 1082 1570 ducere
1115 1533 1285 1581 ferrum,

232 1601 299 1631 930
378 1592 589 1630 Astrictum
622 1591 733 1640 longa
766 1592 907 1629 sentiat
938 1603 1023 1628 esse
1056 1602 1185 1628 mora.

319 1651 365 1688 At
397 1655 441 1688 tu
473 1661 520 1687 ne
552 1648 649 1687 viola
683 1648 894 1687 Cererem!
940 1661 1170 1699 semperque
1204 1648 1364 1687 colonus

378 1707 539 1746 Absenti
570 1708 693 1758 possit
725 1707 873 1745 solvere
906 1712 991 1745 vota
1024 1703 1136 1745 tibi.'

321 1765 504 1804 Dixerat:
548 1777 568 1803 a
601 1765 735 1803 dextra
767 1765 865 1803 villis
899 1764 1066 1803 mantele
1098 1764 1233 1803 solutis

379 1823 553 1874 Cumque
586 1825 685 1861 meri
715 1829 847 1874 patera
879 1825 978 1861 turis
1011 1835 1144 1861 acerra
1177 1823 1270 1861 suit.

233 1891 299 1921 935
321 1882 424 1920 Tura
457 1882 552 1920 focis
585 1883 797 1932 vinumque
829 1881 963 1932 dedit,
996 1881 1189 1932 fibrasque
1222 1881 1414 1932 bidentis,

379 1941 602 1991 Turpiaque
635 1939 825 1978 obscenae
857 1962 902 1967 —
934 1940 1099 1978 vidimus
1132 1961 1175 1965 —
1207 1946 1294 1978 exta
1327 1941 1453 1977 canis.

321 1999 418 2037 Tum
446 1998 540 2036 mihi
561 1995 646 2037 ‘cur
667 1998 781 2037 detur
802 1999 921 2036 sacris
947 2010 1044 2036 nova
1064 1999 1239 2048 victima,
1261 2000 1415 2048 quaeris
1430 1996 1467 2036 ist
1494 2019 1524 2023 —

380 2057 630 2102 Quaesieram
664 2078 705 2082 —
739 2053 915 2095 ‘causam
947 2052 1124 2106 percipe'
1157 2056 1297 2094 flamen
1330 2058 1403 2095 ait.

322 2112 409 2153 ‘Est
445 2114 586 2166 Canis,
618 2114 784 2153 Icarium
817 2115 979 2166 dicunt,
1012 2126 1088 2164 quo
1121 2114 1248 2152 sidere
1280 2120 1385 2153 moto

233 2181 300 2211 940
379 2173 496 2211 Tosta
528 2174 609 2211 sitit
641 2173 783 2224 tellus,
816 2173 1131 2224 praecipiturque
1165 2184 1299 2223 segeS.

320 2231 396 2269 Pro
428 2243 521 2269 cane
555 2231 707 2269 sidereo
741 2233 846 2270 canis
878 2231 940 2269 hic
972 2232 1184 2281 imponitur
1217 2242 1327 2281 arae,

379 2288 427 2327 Et
460 2301 578 2340 quare
612 2296 774 2341 pereat,
807 2289 859 2327 nil
892 2290 966 2327 nisi
998 2300 1136 2327 nomen
1171 2285 1330 2327 habet?
