1575 2489
565 74 592 106 1.
620 75 814 107 529-599.
1271 71 1354 113 229

203 182 252 220 Et
282 186 433 219 vastum
464 185 572 219 motu
605 179 884 219 conlabefactat
916 192 1037 219 onus.

147 239 259 285 Quod
291 238 406 277 simul
438 250 617 277 eversum
650 244 737 290 est,
769 238 899 289 fragor
931 237 1088 277 aethera
1118 239 1261 277 terruit

866 297 1018 348 ipsum,

203 355 360 405 Ictaque
392 353 568 393 subsedit
599 354 771 405 pondere
803 354 915 392 molis
946 354 1110 393 humus.

144 413 274 451 Prima
304 417 433 451 movet
464 411 586 450 Cacus
619 411 754 450 collata
780 412 927 463 proelia
959 412 1117 463 dextra,

60 479 125 510 570
204 470 378 520 Remque
410 470 519 508 ferox
552 471 654 508 saxis
687 469 962 520 stipitibusque
995 471 1118 520 gerit.

151 528 246 574 Quis
278 527 346 566 ubi
377 527 431 566 nil
462 529 618 579 agitur,
649 529 795 578 patrias
826 528 924 566 male
957 527 1068 567 fortis
1101 527 1146 566 ad
1178 531 1281 565 artes

204 585 414 637 Confugit,
446 591 485 624 et
514 586 687 624 flammas
719 598 786 624 ore
818 591 980 625 sonante
1012 587 1153 624 vomit.

146 643 250 689 Quas
283 645 464 694 quotiens
496 644 636 694 proflat
654 674 665 695 ‚
699 645 847 695 spirare
879 644 1060 695 Typhoea
1092 642 1228 682 credas

204 701 253 740 Et
283 701 462 753 rapidum
493 703 664 740 Aetnaeo
697 702 827 752 fulgur
858 701 905 740 ab
937 703 1026 752 igne
1056 703 1152 740 iaci.

60 768 126 800 575
149 759 322 810 Occupat
353 759 531 805 Alcides,
572 760 815 810 adductaque
847 759 951 798 clava
982 759 1148 798 trinodis

203 817 279 856 Ter
311 823 448 868 quater
480 817 631 856 adversi
662 818 763 856 sedit
793 819 933 862 inore
964 818 1060 855 viri.

145 875 211 914 Ille
244 876 346 914 cadit
364 906 374 927 ,
406 877 626 926 mixtosque
658 876 778 913 vomit
809 887 899 913 cum
931 875 1118 925 sanguine
1150 874 1299 925 fumos,

203 933 252 971 Et
282 934 358 972 lato
390 934 561 971 moriens
593 938 752 983 pectore
785 932 931 984 plangit
962 933 1147 971 humum.

145 991 320 1030 Immolat
351 1003 398 1029 ex
429 990 505 1029 illis
536 997 692 1029 taurum
724 990 795 1029 tibi
812 1021 823 1042 ‚
854 990 1029 1042 Iuppiter
1047 1021 1058 1042 ‚
1090 1002 1212 1029 unum

59 1057 125 1089 580
204 1049 335 1088 Victor
354 1080 365 1101 ‚
397 1055 435 1087 et
466 1048 687 1088 Evandrum
719 1049 988 1099 ruricolasque
1020 1054 1152 1087 vocat.

147 1107 434 1158 Constituitque
466 1107 539 1146 sihi
559 1139 569 1158 ‚
601 1119 699 1158 quae
732 1107 894 1145 Maxima
927 1107 1071 1145 dicitur
1089 1137 1099 1158 ,
1132 1117 1259 1157 aram,

205 1165 276 1203 Hic
308 1165 375 1203 ubi
406 1177 496 1215 pars
526 1164 643 1203 Urbis
676 1165 721 1203 de
754 1164 850 1203 bove
884 1177 1024 1203 nomen
1056 1164 1193 1203 habet.

145 1223 225 1262 Nec
257 1228 360 1261 tacet
390 1222 558 1261 Evandri
589 1229 740 1274 mater,
772 1234 894 1273 prope
925 1228 1079 1273 tempus
1111 1222 1269 1273 adesse,

205 1280 372 1319 Hercule
405 1293 482 1331 quo
513 1280 629 1319 tellus
662 1282 712 1319 sit
743 1282 835 1319 satis
867 1292 937 1320 usa
969 1293 1063 1320 suo,

60 1347 126 1378 585
147 1340 195 1377 At
226 1339 316 1377 felix
347 1344 482 1390 vates,
514 1344 558 1377 ut
590 1339 648 1377 dis
680 1340 899 1389 gratissima
929 1339 1048 1389 vixit,

204 1396 382 1435 Possidet
412 1397 516 1435 hunc
548 1396 630 1435 Iani
661 1398 716 1435 sic
749 1396 820 1435 dea
850 1409 983 1435 mense
1016 1397 1142 1437 diem.

72 1487 135 1529 13.
170 1486 207 1527 Ε
233 1486 442 1528 EID-N2
503 1487 567 1528 14.
599 1486 633 1526 F
658 1485 1320 1529 ENDffls·VIT10s·Ex·s·c

145 1570 278 1609 Idibus
309 1572 348 1609 in
381 1571 510 1621 magni
542 1575 671 1609 castus
703 1570 803 1608 Iovis
836 1570 928 1608 aede
961 1571 1143 1609 sacerdos

207 1628 430 1667 Semimaris
462 1628 627 1667 flammis
658 1629 808 1667 viscera
838 1628 933 1667 libat
964 1630 1069 1667 ovis:

145 1686 386 1737 Redditaque
419 1692 479 1725 est
509 1687 640 1725 oneris
671 1686 813 1737 populo
846 1687 1044 1738 provincia
1076 1688 1218 1739 vestri,

61 1752 128 1783 590
207 1743 256 1782 Et
286 1750 378 1782 tuus
409 1745 583 1794 Augusto
615 1746 771 1783 nomine
803 1744 931 1783 dictus
963 1757 1077 1783 avus.

146 1801 307 1853 Perlege
339 1802 544 1853 dispositas
576 1814 763 1852 generosa
794 1815 866 1853 per
897 1804 994 1841 atria
1025 1814 1158 1842 ceras:

204 1859 461 1911 Contigerunt
491 1859 588 1898 nulli
619 1862 775 1898 nomina
805 1866 911 1899 tanta
941 1862 1047 1900 vim.

146 1918 274 1956 Africa
305 1920 493 1956 victorem
526 1918 572 1956 de
606 1930 646 1956 se
678 1924 817 1969 vocat,
850 1918 945 1957 alter
976 1918 1129 1957 Isauras

205 1976 280 2015 Aut
311 1976 471 2015 Cretum
503 1975 666 2014 domitas
698 1976 929 2014 testificatur
960 1988 1078 2027 opes3

59 2040 124 2072 595
145 2033 257 2072 Hunc
288 2033 476 2073 Numidae
508 2034 684 2085 faciunt,
715 2033 823 2073 illum
855 2033 1030 2072 Messana
1062 2033 1299 2085 superbum:

203 2091 270 2130 Ille
302 2092 536 2131 Numantina
567 2093 684 2130 traxit
717 2092 762 2130 ab
794 2092 891 2130 urbe
924 2097 1077 2131 notam:

145 2149 194 2188 Et
225 2155 391 2188 mortem
422 2156 461 2189 et
492 2162 633 2189 nomen
665 2149 790 2189 Druso
825 2150 1029 2189 Germania
1060 2150 1175 2202 fecit3

205 2207 264 2246 Me
296 2209 484 2248 miserum
503 2239 514 2260 ‚
545 2210 669 2247 virtus
702 2220 817 2259 quam
848 2208 978 2247 brevis
1009 2208 1072 2247 illa
1103 2207 1198 2248 suit!

151 2265 191 2304 Si
220 2270 327 2317 petat
358 2278 379 2305 a
409 2268 551 2319 victis,
583 2272 640 2306 tot
673 2272 799 2305 sumat
830 2267 986 2306 nomina
1018 2266 1183 2320 Caesar,
