1575 2489
201 87 257 127 32
752 86 978 119 TRISTrUM

255 203 297 234 55
319 195 415 234 Cum
446 194 591 232 Priami
621 193 793 231 lacrimis
826 194 998 232 offensus
1030 205 1110 232 non
1142 195 1192 232 sit
1221 194 1412 248 Achilles,

318 253 378 291 Tu
409 252 524 290 ssetus
555 250 737 302 inhibes,
770 251 904 289 durior
936 251 1046 290 hoste
1065 282 1076 302 ‚
1107 250 1250 290 meos?

319 310 416 349 Cum
447 310 594 347 faceret
623 308 775 347 Nioben
806 308 940 347 orbam
970 308 1130 348 Latonia
1160 309 1314 362 proles,

318 368 403 406 Non
436 374 564 406 tamen
596 372 635 405 et
667 368 790 405 siccas
820 367 935 406 iussit
965 367 1108 406 habere
1140 379 1281 418 genas.

318 425 388 464 Est
420 424 563 475 aliquid
582 455 593 476 ,
625 424 738 463 fatale
769 424 912 463 malum
944 436 1014 476 per
1046 424 1162 463 verba
1193 425 1343 465 levare:

256 491 299 523 60
319 483 401 522 Hoc
434 482 637 534 querulam
667 482 847 521 Procnen
879 482 1153 533 Alcyonenque
1185 483 1299 521 facit.

319 541 400 580 Hoc
434 546 544 591 erat,
576 542 616 578 in
648 539 773 590 gelido
806 552 926 591 quare
957 540 1165 579 Poeantius
1197 546 1308 579 antro

319 599 420 638 Voce
453 599 632 649 fatigaret
663 597 821 636 Lemnia
854 610 943 636 saxa
974 611 1065 638 sua.

321 656 545 708 Strangulat
576 656 752 695 inclusus
784 655 893 694 dolor
925 662 1041 707 atque
1076 661 1277 696 exaestuat
1308 658 1437 708 intus,

321 715 481 766 Cogitur
513 720 552 753 et
583 715 685 752 vires
717 713 975 765 multiplicare
1007 726 1119 753 suas.

257 782 300 813 65
321 774 375 812 Da
407 774 556 811 veniam
588 773 718 823 potius
737 803 748 824 ,
780 772 840 810 vel
871 777 974 810 totos
1005 771 1096 810 tolle
1128 771 1301 825 libellos,

323 831 364 870 Si
396 831 489 869 mihi
521 830 624 881 quod
656 829 845 881 prodest,
876 829 949 868 1100
980 829 1081 881 tibi,
1114 829 1266 882 lector,
1298 826 1433 869 obestss

323 889 398 928 Sed
431 901 558 939 neque
591 887 729 926 obesse
761 893 919 939 potest,
951 887 1019 926 ulli
1051 900 1123 927 nec
1155 889 1300 940 scripta
1333 889 1494 927 fuerunt

322 947 462 986 Nostra
495 947 569 984 nisi
601 947 753 985 auctori
784 947 1002 996 perniciosa
1034 958 1127 985 suo.

323 1003 386 1044 eAt
417 1004 515 1043 mala
541 1010 632 1043 sunt
647 1001 670 1042 ‚⁹
714 1004 860 1042 fateor.
906 1005 992 1054 quis
1025 1010 1062 1043 te
1089 1004 1185 1043 mala
1212 1017 1367 1043 sumere
1402 1002 1535 1056 cogit?

257 1072 303 1106 w
323 1064 400 1102 Aut
432 1064 518 1114 quis
551 1062 758 1113 deceptum
790 1074 936 1113 ponere
969 1068 1122 1113 sumpta
1154 1060 1288 1101 vetat?

322 1121 409 1173 Ipse
449 1132 521 1159 nec
559 1119 632 1158 hoc
670 1119 840 1171 mand03
872 1119 969 1172 sed,
1012 1126 1056 1159 ut
1092 1120 1155 1158 hic
1194 1121 1381 1172 deducta,
1419 1120 1471 1159 le-

1047 1184 1210 1229 gantur:

324 1237 407 1276 Non
442 1243 533 1276 sunt
564 1236 627 1275 1113
659 1248 730 1275 5110
763 1234 988 1274 barbariora
1018 1235 1126 1275 loco.

323 1296 402 1334 Nec
435 1308 495 1334 me
529 1295 649 1333 Roma
681 1296 762 1333 suis
795 1293 911 1332 debet
943 1294 1121 1333 conferre
1154 1296 1304 1346 poetis:

323 1354 429 1392 Inter
463 1353 711 1392 Sauromatas
744 1354 969 1402 ingeniosus
1003 1364 1130 1391 eram.

262 1420 305 1451 75
326 1412 502 1462 Denique
535 1410 638 1449 nulla
671 1410 765 1449 mihi
797 1415 973 1461 captatur
1005 1410 1125 1460 gloria
1157 1422 1333 1461 quaeque

323 1470 483 1520 Ingenio
517 1469 693 1507 stimulos
725 1467 892 1507 subdere
925 1468 1023 1506 sama
1055 1468 1175 1507 solet.

325 1528 514 1566 Nolumus
547 1527 712 1565 assiduis
745 1527 915 1564 animum
948 1520 1149 1564 tabescere
1181 1528 1311 1579 curis,

326 1586 433 1632 Quae
465 1591 593 1624 tamen
625 1586 856 1635 inrumpunt
889 1596 1041 1634 quoque
1075 1590 1255 1623 vetantur
1287 1590 1403 1623 eunt.

327 1644 404 1683 Cur
444 1643 640 1694 scribam,
678 1642 821 1693 docui;
854 1654 924 1680 cur
956 1643 1106 1680 mittam
1126 1674 1136 1693 ,
1174 1644 1392 1695 quaeritis,
1429 1640 1537 1684 isto?

262 1711 305 1743 80
326 1702 534 1741 Vobiscum
567 1702 681 1751 cupio
715 1699 888 1751 quolibet
920 1712 1005 1738 esse
1038 1700 1176 1740 modo.

846 1828 904 1875 Π.

329 1934 477 1985 Ecquid
497 1965 507 1982 ,
539 1933 606 1972 ubi
639 1946 658 1971 e
690 1933 814 1972 Ponto
846 1945 943 1971 nova
974 1934 1080 1971 venit
1111 1932 1302 1985 epistula,
1333 1932 1475 1984 palles,

329 1993 378 2031 Et
409 1992 478 2030 tibi
511 1992 674 2030 sollicita
707 1991 868 2030 solvitur
900 1991 962 2029 illa
994 1988 1144 2029 manu?

328 2051 434 2090 Pone
466 2056 637 2101 metum,
670 2049 798 2100 vale03
832 2062 1075 2100 corpusque,
1109 2048 1211 2100 quod
1243 2054 1331 2088 ante
1363 2048 1538 2088 laborum

330 2109 528 2160 Inpatiens
560 2108 672 2147 nobis
704 2107 992 2158 invalidumque
1025 2108 1120 2159 suit,

291 2176 310 2207 5
335 2168 487 2206 Sufficit
506 2198 516 2218 ,
548 2173 662 2218 atque
694 2168 778 2218 ipso
811 2172 990 2205 vexatum
1021 2166 1197 2204 induruit
1228 2177 1326 2206 usu.

330 2228 387 2264 An
420 2227 541 2276 magis
573 2226 726 2264 infirmo
759 2237 834 2263 non
867 2230 976 2263 vacat
1008 2233 1093 2262 esse
1124 2222 1252 2262 mihi?

329 2284 439 2322 Mens
461 2290 589 2323 tamen
609 2296 723 2335 aegra
748 2284 870 2336 iacet,
897 2294 968 2322 nec
989 2288 1163 2335 tempore
1189 2282 1330 2321 robora
1355 2282 1538 2333 sumpsit,
