1575 2489
193 72 278 112 290
731 72 983 104 FASTORUM

222 189 288 219 210
366 179 447 217 Hoc
481 179 642 217 Curetes
673 177 844 229 hahent,
874 178 948 216 hoc
981 177 1216 229 Corybantes
1248 191 1370 230 opus.

308 237 384 276 Res
416 237 527 274 latuit
558 242 737 286 patrem:
780 237 977 286 priscique
1008 237 1219 275 imitamina
1252 238 1364 288 facti,

367 295 466 332 Aera
498 294 591 332 deae
624 295 784 332 comites
816 305 1011 344 raucaque
1043 300 1150 345 terga
1181 301 1357 333 movent.

309 351 488 403 Cymbala
518 363 588 401 pro
621 351 767 402 galeis,
799 363 870 401 pro
903 353 1023 390 scutis
1054 357 1234 403 tympana
1265 353 1443 403 pulsant:

366 409 475 447 Tibia
507 409 571 447 dat
601 409 788 459 Phrygios
807 439 817 459 ,
849 414 893 447 ut
925 409 1030 447 dedit
1061 416 1176 461 ante,
1208 407 1386 448 modos.'

222 476 288 506 215
309 467 512 505 Desierat.
570 469 703 517 coepi:
743 464 834 505 ‘cur
864 466 955 505 huic
986 479 1108 517 genus
1139 479 1227 506 acre
1246 499 1256 519 ,
1288 468 1419 506 leones

367 524 561 563 Praebent
591 524 765 563 insolitas
797 523 843 562 ad
875 526 962 574 iuga
994 536 1110 563 curva
1141 522 1306 564 iubas‘?'

307 583 505 621 Desieram
525 613 534 621 .
590 584 746 633 coepit:
785 579 938 620 ‘feritas
970 582 1114 621 mollita
1146 596 1214 633 per
1245 583 1349 622 illam

367 640 576 679 Creditur:
619 640 658 678 id
690 652 809 679 curru
841 640 1046 678 testificata
1077 653 1147 679 suo
1179 638 1283 679 est.'

310 696 378 736 ‘At
409 710 479 737 cur
510 698 695 736 turrifera
727 703 843 749 caput
874 703 934 736 est
965 704 1123 736 onerata
1155 696 1330 737 corona?

220 765 287 796 220
365 757 423 794 An
454 758 590 806 primis
622 762 753 795 turres
785 755 948 795 urbibus
980 756 1042 794 illa
1074 754 1231 795 dedit?'

307 815 481 852 Annuit.
539 811 662 852 ‘unde
693 811 819 852 venit'
852 814 930 852 dixi
963 811 1052 852 ‘sua
1083 814 1256 852 membra
1289 814 1444 853 secandi

366 872 537 922 Impetus
557 869 597 910 ‘2'
642 878 685 911 ut
716 874 848 924 tacui,
879 872 1003 910 Pieris
1036 883 1123 910 orsa
1155 872 1284 923 loqui:

309 927 458 981 ‘Phryx
489 942 587 980 puer
618 932 657 968 in
690 930 823 980 silvis,
856 930 953 968 facie
986 930 1204 980 spectabilis
1223 961 1233 981 ,
1265 931 1364 970 Attis

365 988 614 1038 Turrigeram
646 994 751 1026 casto
782 989 904 1026 vinxit
936 1000 1065 1026 amore
1098 988 1230 1026 deam.

222 1054 286 1085 225
308 1045 419 1084 Hunc
453 1046 526 1084 sibi
558 1048 704 1084 servari
734 1046 882 1096 voluit,
916 1058 983 1084 sua
1016 1046 1156 1096 templa
1188 1048 1312 1097 tueri,

366 1103 415 1142 Et
447 1103 542 1142 dixit
574 1100 766 1154 “semper
798 1105 856 1141 fac
888 1115 986 1153 puer
1019 1115 1103 1141 esse
1135 1102 1288 1142 velis.'’

307 1162 373 1200 Ille
405 1161 520 1199 fidem
552 1162 668 1200 iussis
701 1161 834 1212 dedit,
866 1167 905 1199 et
937 1157 1007 1199 “si
1037 1158 1262 1212 menum-‚³⁹
1294 1163 1422 1213 inquit

366 1217 542 1258 “Ultima
561 1250 571 1270 ,
605 1231 680 1270 qua
712 1219 865 1270 fallam,
899 1220 949 1257 sit
980 1218 1108 1257 Venus
1141 1219 1204 1257 illa
1235 1218 1390 1260 mihi.''

307 1277 445 1329 Fallit,
479 1283 517 1316 et
548 1279 587 1315 in
619 1277 786 1328 nympha
819 1277 1032 1326 Sagaritide
1065 1277 1207 1315 desinit
1239 1289 1324 1316 esse

221 1345 287 1375 230
367 1335 478 1381 Quod
510 1336 612 1374 fuit.
666 1335 756 1374 hinc
788 1347 931 1386 poenas
965 1336 1083 1384 exigit
1112 1336 1168 1373 ira
1201 1335 1318 1374 deae.

306 1393 427 1432 Naida
458 1393 681 1432 volneribus
713 1393 879 1432 succidit
910 1395 949 1431 in
981 1393 1119 1431 arbore
1152 1394 1292 1445 factis,

365 1452 431 1490 Illa
462 1454 592 1503 perit3
624 1452 746 1490 fatum
777 1451 911 1490 naidos
944 1451 1059 1489 arbor
1092 1457 1196 1489 erat:

307 1509 378 1548 Hic
411 1511 534 1561 furit,
566 1515 605 1548 et
637 1510 800 1548 credens
831 1509 987 1548 thalami
1017 1508 1276 1559 procumbere
1311 1514 1458 1548 tectum

366 1567 539 1619 Effugit,
573 1573 609 1606 et
641 1579 759 1606 cursu
791 1567 977 1618 Dindyma
1009 1579 1157 1605 summa
1189 1568 1310 1619 petit3

222 1634 288 1665 235
308 1625 358 1664 Et
389 1626 502 1664 modo
535 1622 663 1663 “tolle
695 1626 798 1664 faces
818 1622 882 1676 !‚''
916 1621 1138 1663 “remove''
1170 1625 1284 1662 modo

1032 1679 1284 1721 “verbera!”
1317 1683 1478 1734 clamat,

370 1742 490 1792 Saepe
521 1740 722 1779 Meletinas
753 1742 856 1779 iurat
887 1741 1022 1779 adesse
1054 1740 1168 1779 deas.

309 1799 374 1838 Ille
408 1801 523 1837 etiam
555 1811 645 1837 saxo
679 1811 820 1850 corpus
852 1799 1007 1837 laniavit
1039 1805 1175 1849 acuto,

367 1857 574 1907 Longaque
607 1859 647 1895 in
678 1857 877 1895 immundo
908 1857 1066 1907 pulvere
1098 1862 1221 1895 tracta
1253 1868 1361 1895 coma
1393 1862 1475 1907 est,

308 1915 466 1966 Voxque
499 1916 572 1954 fuit
605 1912 794 1954 “meruil
838 1916 996 1953 meritas
1029 1914 1076 1952 do
1110 1915 1295 1965 sangnine
1328 1927 1494 1965 poenas.

224 1982 289 2013 240
368 1973 421 2012 A!
459 1979 621 2024 pereant
651 1979 811 2024 partes,
844 1985 941 2023 quae
973 1984 1143 2011 nocuere
1175 1969 1328 2011 mihi!”

311 2028 395 2070 “At
433 2028 631 2082 pereant„
663 2031 816 2070 dicebat
847 2031 971 2069 adhuc
990 2061 1001 2082 ,
1038 2042 1137 2068 onus
1169 2031 1339 2080 inguinis
1370 2030 1520 2081 aufert,

368 2089 558 2140 Nullaque
591 2095 682 2128 sunt
713 2089 842 2128 subito
875 2090 982 2139 signa
1014 2087 1148 2126 relicta
1180 2090 1274 2126 viri.

310 2146 425 2185 Venit
454 2149 495 2185 in
527 2147 746 2197 exemplum
777 2148 887 2186 furor
918 2146 1008 2197 hic,
1040 2145 1253 2196 mollesque
1286 2147 1454 2185 ministri

371 2204 544 2243 Caedunt
575 2206 725 2244 iactatis
756 2205 845 2243 vilia
876 2204 1049 2243 membra
1081 2201 1247 2243 comis.'

225 2271 291 2302 245
312 2262 468 2301 Talibus
501 2263 644 2301 Aoniae
676 2263 839 2302 facunda
871 2274 964 2301 voce
997 2261 1184 2300 Camenae
