1575 2489
149 68 236 110 344
687 70 939 103 FASTORUM

325 177 505 228 Obstipui
535 179 676 217 tacitus
709 179 954 228 sustinuique
986 176 1169 227 gradum.

268 235 398 274 Sensit
428 248 524 274 anus
556 237 681 274 vicina
711 235 815 286 loci,
846 236 1073 285 iussumque
1107 236 1241 274 sedere

179 301 246 332 400
326 293 571 344 Alloquitur,
604 294 780 343 quatiens
813 305 905 331 voce
937 298 1127 331 tremente
1160 299 1298 345 caput:

268 348 369 389 ‘Hoc
401 351 468 389 ubi
499 363 603 389 nunc
635 351 718 389 fora
750 356 870 402 sunt,
901 351 999 388 udae
1031 356 1193 390 tenuere
1225 351 1408 404 paludes,

325 410 446 447 Amne
478 408 704 446 redundatis
735 408 838 446 fossa
870 407 1048 446 madebat
1078 411 1210 459 aquis.

269 466 425 505 Curtius
457 466 520 504 ille
552 466 687 517 lacus,
719 467 841 504 siccas
874 468 941 517 qui
973 467 1140 505 sustinet
1170 479 1278 518 aras,

325 524 436 562 Nunc
469 523 590 562 solida
622 529 681 562 est
712 523 826 562 tellus
845 555 855 575 ‚
887 524 954 562 sed
986 523 1092 562 lacus
1124 530 1211 563 ante
1243 526 1338 564 fuit.

180 589 246 620 405
269 582 350 627 Qua
383 581 542 620 Velabra
575 581 700 620 solent
730 583 769 620 in
801 581 956 620 Circum
988 582 1131 620 ducere
1162 595 1345 635 pompas,

325 639 385 677 Nil
415 645 570 690 praeter
603 640 739 678 salices
771 651 955 690 cassaque
988 652 1107 678 canna
1137 641 1233 679 fuit.

272 697 394 747 Saepe
426 697 668 736 suburbanas
699 697 854 736 rediens
887 699 1044 736 conviva
1076 710 1146 748 per
1177 698 1299 736 undas

329 756 492 807 Cantat,
525 762 564 794 et
594 756 640 794 ad
672 763 808 794 nautas
841 755 947 794 ebria
978 755 1093 793 verba
1125 757 1235 795 iacit.

268 813 447 852 Nondum
480 815 713 852 conveniens
746 814 908 852 diversis
939 815 1012 852 iste
1044 814 1178 863 figuris

180 879 248 910 410
325 871 472 909 Nomen
506 871 552 909 ab
585 884 718 910 averso
751 877 907 922 ceperat
939 883 1049 910 amne
1083 871 1201 910 deus.

267 929 338 968 Hic
371 942 525 980 quoque
557 929 668 968 lucus
701 936 782 968 erat
813 931 938 968 iuncis
971 936 1009 968 et
1040 930 1227 968 arundine
1261 929 1405 968 densus

327 987 376 1025 Et
406 988 504 1038 pede
536 987 657 1026 velato
690 1000 767 1026 non
799 987 974 1025 adeunda
1004 987 1137 1037 palus.

270 1044 411 1095 Stagna
442 1050 692 1083 recesserunt
724 1052 761 1084 et
793 1057 910 1096 aquas
943 1057 1012 1083 sua
1043 1047 1125 1096 ripa
1158 1051 1335 1096 coercet,
1402 1054 1476 1085 (209)

328 1103 515 1153 Siccaque
547 1115 651 1141 nunc
682 1103 825 1141 tellus:
870 1115 953 1140 mos
985 1109 1113 1141 tamen
1145 1103 1233 1140 inde
1267 1108 1416 1141 manet.

181 1169 247 1199 415
268 1160 503 1199 Reddiderat
535 1172 716 1199 causam.
775 1157 919 1198 evaleas
938 1191 948 1211 ,
981 1172 1077 1199 anus
1109 1162 1252 1211 optima
1272 1158 1302 1199 !’
1335 1161 1413 1199 dixi

329 1216 459 1263 ‘Quod
493 1224 674 1269 superest
705 1220 815 1269 aevi,
848 1218 961 1256 molle
994 1220 1044 1257 sit
1075 1230 1187 1257 omne
1206 1250 1217 1270 ‚
1248 1215 1350 1258 tui.'

270 1276 405 1315 Cetera
437 1278 511 1315 iam
544 1277 694 1327 pridem
726 1277 843 1315 didici
874 1276 1089 1327 puerilibus
1122 1278 1254 1329 annis,

328 1335 413 1373 Non
446 1341 572 1373 tamen
605 1335 750 1373 idcirco
782 1335 1066 1385 praetereunda
1099 1335 1213 1373 mihi.

270 1392 418 1431 Moenia
450 1392 687 1431 Dardanides
719 1405 845 1443 nuper
876 1405 972 1431 nova
1004 1393 1149 1431 fecerat
1180 1392 1282 1432 Ilus:

181 1458 249 1489 420
328 1450 406 1489 Ilus
438 1451 563 1489 adhuc
594 1452 705 1489 Asiae
738 1451 842 1489 dives
875 1450 1040 1489 habebat
1071 1463 1185 1501 opes:

270 1509 449 1548 Creditur
481 1509 683 1547 armiferae
717 1510 870 1559 signum
902 1509 1067 1547 caeleste
1099 1509 1293 1548 Minervae

329 1566 442 1605 Urbis
473 1568 513 1605 in
545 1567 679 1605 Iliacae
712 1566 915 1605 desiluisse
946 1569 1056 1617 iuga.

271 1625 370 1663 Cura
400 1625 530 1663 videre
562 1625 635 1663 fuit
653 1655 663 1675 ‚
701 1624 777 1663 vidi
809 1624 1073 1675 templumque
1105 1624 1333 1676 locumque.

328 1682 409 1721 Hoc
442 1689 621 1733 superest
651 1682 733 1733 illi,
764 1682 914 1720 Pallada
946 1682 1067 1721 Roma
1097 1688 1226 1722 tenet.

182 1749 248 1779 425
271 1740 496 1779 Consulitur
529 1740 752 1779 Smintheus
772 1771 782 1791 ,
812 1740 978 1790 lucoque
1011 1740 1203 1779 obscurus
1235 1753 1355 1792 opaco

329 1799 407 1837 Hos
438 1810 515 1837 non
548 1800 708 1836 mentito
742 1798 910 1836 reddidit
941 1810 1008 1837 ore
1041 1810 1180 1837 sonos:

271 1854 507 1895 ‘Aetheriam
540 1863 689 1895 servate
722 1856 831 1895 deam
850 1888 861 1907 ‚
893 1856 1096 1895 servabitis
1128 1856 1288 1896 urbem:

329 1914 537 1966 Imperium
570 1927 702 1953 secum
734 1914 943 1953 transferet
974 1914 1035 1953 illa
1068 1912 1186 1953 loci.'

273 1973 434 2024 Servat,
468 1979 506 2012 et
536 1972 725 2011 inclusam
757 1985 905 2011 summa
937 1979 1044 2011 tenet
1074 1972 1152 2011 Ilus
1182 1974 1222 2011 in
1255 1985 1367 2025 arce,

182 2039 251 2070 430
330 2031 507 2081 Curaque
540 2031 585 2069 ad
618 2031 800 2069 heredem
832 2030 1091 2069 Laomedonta
1123 2031 1245 2069 redit.

273 2089 352 2127 Sub
384 2089 536 2127 Priamo
569 2095 718 2127 servata
749 2101 886 2139 parum
906 2119 914 2127 .
971 2090 1026 2127 sic
1057 2091 1138 2140 ipsa
1171 2089 1344 2141 volebat,

330 2146 385 2185 Ex
419 2159 494 2198 quo
526 2146 668 2186 iudicio
702 2148 823 2185 forma
856 2148 998 2185 revicta
1030 2159 1099 2186 sua
1132 2152 1213 2186 est.

273 2205 370 2255 [Seu
402 2217 524 2255 genus
556 2205 738 2256 Adrasti,
771 2217 839 2243 seu
873 2205 987 2243 furtis
1019 2211 1131 2256 aptus
1165 2204 1317 2256 UlixeS‚

333 2263 409 2302 Seu
440 2265 527 2314 pius
559 2264 707 2302 Aeneas
740 2265 930 2315 eripuisse
962 2262 1122 2312 ferunt]
