<?xml version="1.0" encoding="UTF-8"?>
<!DOCTYPE html PUBLIC "-//W3C//DTD XHTML 1.0 Transitional//EN"
    "http://www.w3.org/TR/xhtml1/DTD/xhtml1-transitional.dtd">
<html xmlns="http://www.w3.org/1999/xhtml" xml:lang="en" lang="en">
 <head>
  <title>
</title>
<meta http-equiv="Content-Type" content="text/html;charset=utf-8" />
  <meta name='ocr-system' content='tesseract 3.04.00' />
  <meta name='ocr-capabilities' content='ocr_page ocr_carea ocr_par ocr_line ocrx_word'/>
</head>
<body>
  <div class='ocr_page' id='page_1' title='image "./operaovid01oviduoft_0313.png"; bbox 0 0 1575 2489; ppageno 0'>
   <div class='ocr_carea' id='block_1_1' title="bbox 566 72 1375 114">
    <p class='ocr_par' dir='ltr' id='par_1_1' title="bbox 566 72 1375 114">
     <span class='ocr_line' id='line_1_1' title="bbox 566 72 1375 114; baseline 0.01 -8"><span class='ocrx_word' id='word_1_1' title='bbox 566 74 631 109; x_wconf 90' lang='lat'>111.</span> <span class='ocrx_word' id='word_1_2' title='bbox 660 76 853 107; x_wconf 79' lang='lat'>192—262.</span> <span class='ocrx_word' id='word_1_3' title='bbox 1288 72 1375 114; x_wconf 80' lang='lat'>265</span> 
     </span>
    </p>
   </div>
   <div class='ocr_carea' id='block_1_2' title="bbox 71 180 1378 2326">
    <p class='ocr_par' dir='ltr' id='par_1_2' title="bbox 71 180 1315 1033">
     <span class='ocr_line' id='line_1_2' title="bbox 158 180 1199 233; baseline 0.001 -14"><span class='ocrx_word' id='word_1_4' title='bbox 158 180 425 232; x_wconf 85' lang='lat' dir='ltr'>Laudatasque</span> <span class='ocrx_word' id='word_1_5' title='bbox 457 186 593 221; x_wconf 84' lang='lat' dir='ltr'>tenent</span> <span class='ocrx_word' id='word_1_6' title='bbox 624 186 731 220; x_wconf 87' lang='lat' dir='ltr'>natas</span> <span class='ocrx_word' id='word_1_7' title='bbox 750 211 761 233; x_wconf 85' lang='lat'>,</span> <span class='ocrx_word' id='word_1_8' title='bbox 793 187 984 232; x_wconf 89' lang='lat' dir='ltr'>scutoque</span> <span class='ocrx_word' id='word_1_9' title='bbox 1017 186 1199 233; x_wconf 83' lang='lat' dir='ltr'>nepotem</span> 
     </span>
     <span class='ocr_line' id='line_1_3' title="bbox 216 239 1160 279; baseline 0.002 -2"><span class='ocrx_word' id='word_1_10' title='bbox 216 239 308 278; x_wconf 82' lang='lat' dir='ltr'><strong>Fert</strong></span> <span class='ocrx_word' id='word_1_11' title='bbox 339 251 431 278; x_wconf 90' lang='lat' dir='ltr'>avus</span> <span class='ocrx_word' id='word_1_12' title='bbox 452 270 460 278; x_wconf 95' lang='lat'><strong>.</strong></span> <span class='ocrx_word' id='word_1_13' title='bbox 516 239 577 278; x_wconf 91' lang='lat' dir='ltr'>hic</span> <span class='ocrx_word' id='word_1_14' title='bbox 611 241 713 279; x_wconf 89' lang='lat' dir='ltr'>scuti</span> <span class='ocrx_word' id='word_1_15' title='bbox 744 239 894 278; x_wconf 89' lang='lat' dir='ltr'>dulcior</span> <span class='ocrx_word' id='word_1_16' title='bbox 927 251 1022 278; x_wconf 88' lang='lat' dir='ltr'>usus</span> <span class='ocrx_word' id='word_1_17' title='bbox 1055 246 1160 279; x_wconf 88' lang='lat' dir='ltr'>erat.</span> 
     </span>
     <span class='ocr_line' id='line_1_4' title="bbox 158 296 1306 350; baseline 0.001 -15"><span class='ocrx_word' id='word_1_18' title='bbox 158 296 250 336; x_wconf 89' lang='lat' dir='ltr'>Inde</span> <span class='ocrx_word' id='word_1_19' title='bbox 282 297 383 336; x_wconf 90' lang='lat' dir='ltr'>diem</span> <span class='ocrx_word' id='word_1_20' title='bbox 402 328 413 350; x_wconf 92' lang='lat'>,</span> <span class='ocrx_word' id='word_1_21' title='bbox 446 309 544 348; x_wconf 87' lang='lat' dir='ltr'>quae</span> <span class='ocrx_word' id='word_1_22' title='bbox 576 300 683 349; x_wconf 85' lang='lat' dir='ltr'>priva</span> <span class='ocrx_word' id='word_1_23' title='bbox 703 329 713 349; x_wconf 92' lang='lat'>,</span> <span class='ocrx_word' id='word_1_24' title='bbox 745 309 850 336; x_wconf 86' lang='lat' dir='ltr'>meas</span> <span class='ocrx_word' id='word_1_25' title='bbox 882 297 1081 336; x_wconf 88' lang='lat' dir='ltr'>celebrare</span> <span class='ocrx_word' id='word_1_26' title='bbox 1113 297 1306 336; x_wconf 77' lang='lat' dir='ltr'>Kalendas</span> 
     </span>
     <span class='ocr_line' id='line_1_5' title="bbox 72 354 1173 407; baseline 0 -13"><span class='ocrx_word' id='word_1_27' title='bbox 72 363 138 394; x_wconf 77' lang='lat'>230</span> <span class='ocrx_word' id='word_1_28' title='bbox 218 354 398 394; x_wconf 80' lang='lat' dir='ltr'>Oebaliae</span> <span class='ocrx_word' id='word_1_29' title='bbox 430 361 575 394; x_wconf 90' lang='lat' dir='ltr'>matres</span> <span class='ocrx_word' id='word_1_30' title='bbox 607 368 684 394; x_wconf 91' lang='lat' dir='ltr'>non</span> <span class='ocrx_word' id='word_1_31' title='bbox 716 355 798 395; x_wconf 90' lang='lat' dir='ltr'>leve</span> <span class='ocrx_word' id='word_1_32' title='bbox 832 367 974 394; x_wconf 90' lang='lat' dir='ltr'>munus</span> <span class='ocrx_word' id='word_1_33' title='bbox 1006 355 1173 407; x_wconf 88' lang='lat' dir='ltr'>habent,</span> 
     </span>
     <span class='ocr_line' id='line_1_6' title="bbox 157 412 1196 464; baseline 0.001 -13"><span class='ocrx_word' id='word_1_34' title='bbox 157 412 238 452; x_wconf 90' lang='lat' dir='ltr'>Hac</span> <span class='ocrx_word' id='word_1_35' title='bbox 271 414 360 464; x_wconf 87' lang='lat' dir='ltr'>quia</span> <span class='ocrx_word' id='word_1_36' title='bbox 393 415 583 452; x_wconf 85' lang='lat' dir='ltr'>committi</span> <span class='ocrx_word' id='word_1_37' title='bbox 615 415 761 453; x_wconf 86' lang='lat' dir='ltr'>strictis</span> <span class='ocrx_word' id='word_1_38' title='bbox 792 413 1047 452; x_wconf 85' lang='lat' dir='ltr'><strong>mucronibus</strong></span> <span class='ocrx_word' id='word_1_39' title='bbox 1079 426 1196 453; x_wconf 86' lang='lat' dir='ltr'>ausae</span> 
     </span>
     <span class='ocr_line' id='line_1_7' title="bbox 215 471 1049 511; baseline 0.001 -2"><span class='ocrx_word' id='word_1_40' title='bbox 215 471 415 510; x_wconf 87' lang='lat' dir='ltr'>Finierant</span> <span class='ocrx_word' id='word_1_41' title='bbox 445 471 615 511; x_wconf 81' lang='lat' dir='ltr'>lacrimis</span> <span class='ocrx_word' id='word_1_42' title='bbox 646 471 783 511; x_wconf 87' lang='lat' dir='ltr'>Martia</span> <span class='ocrx_word' id='word_1_43' title='bbox 815 472 914 511; x_wconf 90' lang='lat' dir='ltr'>bella</span> <span class='ocrx_word' id='word_1_44' title='bbox 946 474 1049 511; x_wconf 88' lang='lat' dir='ltr'>suis.</span> 
     </span>
     <span class='ocr_line' id='line_1_8' title="bbox 160 527 1144 582; baseline 0.001 -15"><span class='ocrx_word' id='word_1_45' title='bbox 160 527 245 578; x_wconf 92' lang='lat' dir='ltr'>[Vel</span> <span class='ocrx_word' id='word_1_46' title='bbox 277 529 381 580; x_wconf 87' lang='lat' dir='ltr'>quod</span> <span class='ocrx_word' id='word_1_47' title='bbox 413 536 496 568; x_wconf 88' lang='lat' dir='ltr'>erat</span> <span class='ocrx_word' id='word_1_48' title='bbox 527 529 575 568; x_wconf 89' lang='lat' dir='ltr'>de</span> <span class='ocrx_word' id='word_1_49' title='bbox 607 541 669 569; x_wconf 91' lang='lat' dir='ltr'>me</span> <span class='ocrx_word' id='word_1_50' title='bbox 701 530 866 569; x_wconf 81' lang='lat' dir='ltr'><strong>feliciter</strong></span> <span class='ocrx_word' id='word_1_51' title='bbox 898 530 965 568; x_wconf 91' lang='lat' dir='ltr'>Ilia</span> <span class='ocrx_word' id='word_1_52' title='bbox 998 535 1144 582; x_wconf 88' lang='lat' dir='ltr'>mater,</span> 
     </span>
     <span class='ocr_line' id='line_1_9' title="bbox 217 587 1204 639; baseline 0.001 -14"><span class='ocrx_word' id='word_1_53' title='bbox 217 587 305 626; x_wconf 82' lang='lat' dir='ltr'>Rite</span> <span class='ocrx_word' id='word_1_54' title='bbox 338 587 472 626; x_wconf 88' lang='lat' dir='ltr'>colunt</span> <span class='ocrx_word' id='word_1_55' title='bbox 503 593 647 627; x_wconf 91' lang='lat' dir='ltr'>matres</span> <span class='ocrx_word' id='word_1_56' title='bbox 680 600 789 627; x_wconf 88' lang='lat' dir='ltr'>sacra</span> <span class='ocrx_word' id='word_1_57' title='bbox 821 589 1000 639; x_wconf 82' lang='lat' dir='ltr'>diemque</span> <span class='ocrx_word' id='word_1_58' title='bbox 1033 600 1162 627; x_wconf 91' lang='lat' dir='ltr'>meum</span> <span class='ocrx_word' id='word_1_59' title='bbox 1178 587 1204 637; x_wconf 88' lang='lat'>.]</span> 
     </span>
     <span class='ocr_line' id='line_1_10' title="bbox 71 644 1243 698; baseline 0.001 -15"><span class='ocrx_word' id='word_1_60' title='bbox 71 652 137 683; x_wconf 82' lang='lat'>235</span> <span class='ocrx_word' id='word_1_61' title='bbox 159 644 259 690; x_wconf 85' lang='lat' dir='ltr'><strong>Quid</strong></span> <span class='ocrx_word' id='word_1_62' title='bbox 278 675 289 697; x_wconf 91' lang='lat'>,</span> <span class='ocrx_word' id='word_1_63' title='bbox 322 646 425 696; x_wconf 91' lang='lat' dir='ltr'>quod</span> <span class='ocrx_word' id='word_1_64' title='bbox 457 645 582 685; x_wconf 89' lang='lat' dir='ltr'>hiems</span> <span class='ocrx_word' id='word_1_65' title='bbox 614 647 797 698; x_wconf 84' lang='lat' dir='ltr'>adoperta</span> <span class='ocrx_word' id='word_1_66' title='bbox 829 647 918 698; x_wconf 85' lang='lat' dir='ltr'>gelu</span> <span class='ocrx_word' id='word_1_67' title='bbox 951 653 1043 685; x_wconf 90' lang='lat' dir='ltr'>tunc</span> <span class='ocrx_word' id='word_1_68' title='bbox 1075 647 1243 697; x_wconf 90' lang='lat' dir='ltr'>denique</span> 
     </span>
     <span class='ocr_line' id='line_1_11' title="bbox 885 704 1010 756; baseline 0 -13"><span class='ocrx_word' id='word_1_69' title='bbox 885 704 1010 756; x_wconf 82' lang='lat' dir='ltr'>cedit,</span> 
     </span>
     <span class='ocr_line' id='line_1_12' title="bbox 216 760 1084 814; baseline 0.002 -15"><span class='ocrx_word' id='word_1_70' title='bbox 216 760 266 800; x_wconf 87' lang='lat' dir='ltr'>Et</span> <span class='ocrx_word' id='word_1_71' title='bbox 297 768 465 813; x_wconf 87' lang='lat' dir='ltr'>pereunt</span> <span class='ocrx_word' id='word_1_72' title='bbox 495 763 618 801; x_wconf 87' lang='lat' dir='ltr'>victae</span> <span class='ocrx_word' id='word_1_73' title='bbox 651 762 731 801; x_wconf 87' lang='lat' dir='ltr'>sole</span> <span class='ocrx_word' id='word_1_74' title='bbox 763 768 920 814; x_wconf 90' lang='lat' dir='ltr'>tepente</span> <span class='ocrx_word' id='word_1_75' title='bbox 952 764 1084 814; x_wconf 84' lang='lat' dir='ltr'>nives;</span> 
     </span>
     <span class='ocr_line' id='line_1_13' title="bbox 158 818 1180 871; baseline 0.001 -14"><span class='ocrx_word' id='word_1_76' title='bbox 158 818 374 859; x_wconf 83' lang='lat' dir='ltr'><strong>Arboribus</strong></span> <span class='ocrx_word' id='word_1_77' title='bbox 406 820 573 859; x_wconf 87' lang='lat' dir='ltr'>redeunt</span> <span class='ocrx_word' id='word_1_78' title='bbox 604 820 789 859; x_wconf 79' lang='lat' dir='ltr'>detonsae</span> <span class='ocrx_word' id='word_1_79' title='bbox 822 821 965 871; x_wconf 83' lang='lat' dir='ltr'><strong>frigore</strong></span> <span class='ocrx_word' id='word_1_80' title='bbox 999 820 1180 871; x_wconf 81' lang='lat' dir='ltr'>frondes,</span> 
     </span>
     <span class='ocr_line' id='line_1_14' title="bbox 218 877 1205 929; baseline 0 -13"><span class='ocrx_word' id='word_1_81' title='bbox 218 877 415 929; x_wconf 90' lang='lat' dir='ltr'>Uvidaque</span> <span class='ocrx_word' id='word_1_82' title='bbox 447 880 488 917; x_wconf 87' lang='lat' dir='ltr'>in</span> <span class='ocrx_word' id='word_1_83' title='bbox 520 885 655 917; x_wconf 90' lang='lat' dir='ltr'>tenero</span> <span class='ocrx_word' id='word_1_84' title='bbox 687 878 843 929; x_wconf 83' lang='lat' dir='ltr'>palmite</span> <span class='ocrx_word' id='word_1_85' title='bbox 875 890 1026 928; x_wconf 84' lang='lat' dir='ltr'>gemma</span> <span class='ocrx_word' id='word_1_86' title='bbox 1059 883 1205 917; x_wconf 87' lang='lat' dir='ltr'>tumet:</span> 
     </span>
     <span class='ocr_line' id='line_1_15' title="bbox 159 935 1315 988; baseline 0 -14"><span class='ocrx_word' id='word_1_87' title='bbox 159 935 344 986; x_wconf 81' lang='lat' dir='ltr'>Quaeque</span> <span class='ocrx_word' id='word_1_88' title='bbox 376 936 442 975; x_wconf 88' lang='lat' dir='ltr'>diu</span> <span class='ocrx_word' id='word_1_89' title='bbox 474 936 614 988; x_wconf 88' lang='lat' dir='ltr'>latuit,</span> <span class='ocrx_word' id='word_1_90' title='bbox 646 948 750 975; x_wconf 91' lang='lat' dir='ltr'>nunc</span> <span class='ocrx_word' id='word_1_91' title='bbox 782 948 824 974; x_wconf 88' lang='lat' dir='ltr'>se</span> <span class='ocrx_word' id='word_1_92' title='bbox 857 948 932 987; x_wconf 86' lang='lat' dir='ltr'>qua</span> <span class='ocrx_word' id='word_1_93' title='bbox 964 936 1071 975; x_wconf 86' lang='lat' dir='ltr'>tollat</span> <span class='ocrx_word' id='word_1_94' title='bbox 1104 938 1143 974; x_wconf 89' lang='lat' dir='ltr'>in</span> <span class='ocrx_word' id='word_1_95' title='bbox 1175 947 1315 987; x_wconf 87' lang='lat' dir='ltr'>auras,</span> 
     </span>
     <span class='ocr_line' id='line_1_16' title="bbox 72 993 1042 1033; baseline 0 -1"><span class='ocrx_word' id='word_1_96' title='bbox 72 1001 138 1033; x_wconf 81' lang='lat'>240</span> <span class='ocrx_word' id='word_1_97' title='bbox 217 993 373 1033; x_wconf 84' lang='lat' dir='ltr'>Fertilis</span> <span class='ocrx_word' id='word_1_98' title='bbox 406 994 577 1033; x_wconf 85' lang='lat' dir='ltr'>occultas</span> <span class='ocrx_word' id='word_1_99' title='bbox 609 995 757 1033; x_wconf 84' lang='lat' dir='ltr'>invenit</span> <span class='ocrx_word' id='word_1_100' title='bbox 788 994 908 1033; x_wconf 88' lang='lat' dir='ltr'>herba</span> <span class='ocrx_word' id='word_1_101' title='bbox 941 996 1042 1033; x_wconf 91' lang='lat' dir='ltr'>vias.</span> 
     </span>
    </p>

    <p class='ocr_par' dir='ltr' id='par_1_3' title="bbox 159 1051 1377 1220">
     <span class='ocr_line' id='line_1_17' title="bbox 159 1051 1377 1105; baseline 0.002 -15"><span class='ocrx_word' id='word_1_102' title='bbox 159 1051 271 1090; x_wconf 90' lang='lat' dir='ltr'>Nunc</span> <span class='ocrx_word' id='word_1_103' title='bbox 303 1052 494 1091; x_wconf 82' lang='lat' dir='ltr'>fecundus</span> <span class='ocrx_word' id='word_1_104' title='bbox 520 1064 611 1104; x_wconf 84' lang='lat' dir='ltr'>ager</span> <span class='ocrx_word' id='word_1_105' title='bbox 629 1083 640 1104; x_wconf 92' lang='lat'>,</span> <span class='ocrx_word' id='word_1_106' title='bbox 672 1054 825 1104; x_wconf 87' lang='lat' dir='ltr'>pecoris</span> <span class='ocrx_word' id='word_1_107' title='bbox 852 1065 956 1091; x_wconf 90' lang='lat' dir='ltr'>nunc</span> <span class='ocrx_word' id='word_1_108' title='bbox 984 1052 1078 1091; x_wconf 88' lang='lat' dir='ltr'>hora</span> <span class='ocrx_word' id='word_1_109' title='bbox 1109 1052 1290 1105; x_wconf 89' lang='lat' dir='ltr'>creandi,</span> <span class='ocrx_word' id='word_1_110' title='bbox 1319 1060 1377 1092; x_wconf 83' lang='grc'>(34)</span> 
     </span>
     <span class='ocr_line' id='line_1_18' title="bbox 218 1109 1181 1162; baseline 0.001 -14"><span class='ocrx_word' id='word_1_111' title='bbox 218 1109 330 1149; x_wconf 93' lang='lat' dir='ltr'>Nunc</span> <span class='ocrx_word' id='word_1_112' title='bbox 362 1112 442 1149; x_wconf 85' lang='lat' dir='ltr'>avis</span> <span class='ocrx_word' id='word_1_113' title='bbox 473 1113 513 1149; x_wconf 92' lang='lat' dir='ltr'>in</span> <span class='ocrx_word' id='word_1_114' title='bbox 545 1123 652 1150; x_wconf 90' lang='lat' dir='ltr'>ramo</span> <span class='ocrx_word' id='word_1_115' title='bbox 685 1116 787 1150; x_wconf 88' lang='lat' dir='ltr'>tecta</span> <span class='ocrx_word' id='word_1_116' title='bbox 818 1111 1017 1161; x_wconf 85' lang='lat' dir='ltr'>laremque</span> <span class='ocrx_word' id='word_1_117' title='bbox 1049 1116 1181 1162; x_wconf 88' lang='lat' dir='ltr'>parat.</span> 
     </span>
     <span class='ocr_line' id='line_1_19' title="bbox 162 1167 1232 1220; baseline 0.001 -14"><span class='ocrx_word' id='word_1_118' title='bbox 162 1167 354 1219; x_wconf 87' lang='lat' dir='ltr'>Tempora</span> <span class='ocrx_word' id='word_1_119' title='bbox 385 1170 470 1208; x_wconf 92' lang='lat' dir='ltr'>iure</span> <span class='ocrx_word' id='word_1_120' title='bbox 503 1169 636 1208; x_wconf 88' lang='lat' dir='ltr'>colunt</span> <span class='ocrx_word' id='word_1_121' title='bbox 666 1168 796 1208; x_wconf 86' lang='lat' dir='ltr'>Latiae</span> <span class='ocrx_word' id='word_1_122' title='bbox 830 1169 994 1208; x_wconf 81' lang='lat' dir='ltr'>secunda</span> <span class='ocrx_word' id='word_1_123' title='bbox 1026 1174 1232 1220; x_wconf 85' lang='lat' dir='ltr'>parentes,</span> 
     </span>
    </p>

    <p class='ocr_par' dir='ltr' id='par_1_4' title="bbox 72 1226 1378 2326">
     <span class='ocr_line' id='line_1_20' title="bbox 219 1226 1131 1278; baseline 0.001 -13"><span class='ocrx_word' id='word_1_124' title='bbox 219 1226 392 1272; x_wconf 87' lang='lat' dir='ltr'>Quarum</span> <span class='ocrx_word' id='word_1_125' title='bbox 424 1226 599 1266; x_wconf 81' lang='lat' dir='ltr'>militiam</span> <span class='ocrx_word' id='word_1_126' title='bbox 632 1233 795 1278; x_wconf 82' lang='lat' dir='ltr'>votaque</span> <span class='ocrx_word' id='word_1_127' title='bbox 828 1233 963 1278; x_wconf 88' lang='lat' dir='ltr'>partus</span> <span class='ocrx_word' id='word_1_128' title='bbox 994 1227 1131 1266; x_wconf 92' lang='lat' dir='ltr'>habet.</span> 
     </span>
     <span class='ocr_line' id='line_1_21' title="bbox 72 1284 1296 1337; baseline 0.002 -15"><span class='ocrx_word' id='word_1_129' title='bbox 72 1291 138 1323; x_wconf 79' lang='lat'>245</span> <span class='ocrx_word' id='word_1_130' title='bbox 159 1284 295 1336; x_wconf 88' lang='lat' dir='ltr'>Adde,</span> <span class='ocrx_word' id='word_1_131' title='bbox 328 1285 431 1335; x_wconf 85' lang='lat' dir='ltr'>quod</span> <span class='ocrx_word' id='word_1_132' title='bbox 451 1316 461 1335; x_wconf 94' lang='lat'>,</span> <span class='ocrx_word' id='word_1_133' title='bbox 494 1285 677 1324; x_wconf 83' lang='lat' dir='ltr'>excubias</span> <span class='ocrx_word' id='word_1_134' title='bbox 709 1285 776 1323; x_wconf 88' lang='lat' dir='ltr'>ubi</span> <span class='ocrx_word' id='word_1_135' title='bbox 807 1297 875 1324; x_wconf 89' lang='lat' dir='ltr'>rex</span> <span class='ocrx_word' id='word_1_136' title='bbox 908 1285 1106 1324; x_wconf 86' lang='lat' dir='ltr'>Romanus</span> <span class='ocrx_word' id='word_1_137' title='bbox 1137 1284 1296 1337; x_wconf 84' lang='lat' dir='ltr'>agebat,</span> 
     </span>
     <span class='ocr_line' id='line_1_22' title="bbox 218 1341 1152 1395; baseline 0.001 -14"><span class='ocrx_word' id='word_1_138' title='bbox 218 1341 292 1387; x_wconf 86' lang='lat' dir='ltr'>Qui</span> <span class='ocrx_word' id='word_1_139' title='bbox 325 1355 429 1382; x_wconf 88' lang='lat' dir='ltr'>nunc</span> <span class='ocrx_word' id='word_1_140' title='bbox 461 1343 654 1394; x_wconf 81' lang='lat' dir='ltr'>Esquilias</span> <span class='ocrx_word' id='word_1_141' title='bbox 686 1345 842 1382; x_wconf 87' lang='lat' dir='ltr'>nomina</span> <span class='ocrx_word' id='word_1_142' title='bbox 874 1343 982 1382; x_wconf 82' lang='lat' dir='ltr'>collis</span> <span class='ocrx_word' id='word_1_143' title='bbox 1014 1343 1152 1395; x_wconf 88' lang='lat' dir='ltr'>habet,</span> 
     </span>
     <span class='ocr_line' id='line_1_23' title="bbox 160 1400 1012 1452; baseline 0.001 -13"><span class='ocrx_word' id='word_1_144' title='bbox 160 1400 241 1439; x_wconf 92' lang='lat' dir='ltr'>lllic</span> <span class='ocrx_word' id='word_1_145' title='bbox 273 1413 293 1439; x_wconf 90' lang='lat' dir='ltr'>a</span> <span class='ocrx_word' id='word_1_146' title='bbox 325 1401 489 1440; x_wconf 88' lang='lat' dir='ltr'>nuribus</span> <span class='ocrx_word' id='word_1_147' title='bbox 521 1401 660 1440; x_wconf 90' lang='lat' dir='ltr'>Iunoni</span> <span class='ocrx_word' id='word_1_148' title='bbox 692 1402 834 1452; x_wconf 86' lang='lat' dir='ltr'>templa</span> <span class='ocrx_word' id='word_1_149' title='bbox 866 1401 1012 1440; x_wconf 86' lang='lat' dir='ltr'>Latinis</span> 
     </span>
     <span class='ocr_line' id='line_1_24' title="bbox 219 1458 1170 1511; baseline 0 -13"><span class='ocrx_word' id='word_1_150' title='bbox 219 1458 298 1498; x_wconf 86' lang='lat' dir='ltr'>Hac</span> <span class='ocrx_word' id='word_1_151' title='bbox 330 1466 451 1511; x_wconf 86' lang='lat' dir='ltr'>sunt,</span> <span class='ocrx_word' id='word_1_152' title='bbox 483 1461 516 1498; x_wconf 90' lang='lat' dir='ltr'>si</span> <span class='ocrx_word' id='word_1_153' title='bbox 548 1461 735 1511; x_wconf 84' lang='lat' dir='ltr'>memini,</span> <span class='ocrx_word' id='word_1_154' title='bbox 767 1459 922 1511; x_wconf 85' lang='lat' dir='ltr'>publica</span> <span class='ocrx_word' id='word_1_155' title='bbox 953 1461 1053 1498; x_wconf 86' lang='lat' dir='ltr'>sacta</span> <span class='ocrx_word' id='word_1_156' title='bbox 1085 1460 1170 1499; x_wconf 87' lang='lat' dir='ltr'>die.</span> 
     </span>
     <span class='ocr_line' id='line_1_25' title="bbox 161 1516 1280 1568; baseline 0.001 -13"><span class='ocrx_word' id='word_1_157' title='bbox 161 1516 260 1562; x_wconf 89' lang='lat' dir='ltr'>Quid</span> <span class='ocrx_word' id='word_1_158' title='bbox 293 1529 425 1556; x_wconf 87' lang='lat' dir='ltr'>moror</span> <span class='ocrx_word' id='word_1_159' title='bbox 456 1523 496 1556; x_wconf 89' lang='lat' dir='ltr'>et</span> <span class='ocrx_word' id='word_1_160' title='bbox 527 1519 642 1556; x_wconf 90' lang='lat' dir='ltr'>variis</span> <span class='ocrx_word' id='word_1_161' title='bbox 674 1529 794 1556; x_wconf 89' lang='lat' dir='ltr'>onero</span> <span class='ocrx_word' id='word_1_162' title='bbox 827 1524 893 1556; x_wconf 88' lang='lat' dir='ltr'>tua</span> <span class='ocrx_word' id='word_1_163' title='bbox 927 1524 1085 1568; x_wconf 86' lang='lat' dir='ltr'>pectora</span> <span class='ocrx_word' id='word_1_164' title='bbox 1117 1516 1280 1557; x_wconf 77' lang='lat' dir='ltr'>causis?</span> 
     </span>
     <span class='ocr_line' id='line_1_26' title="bbox 74 1575 1258 1628; baseline 0.002 -15"><span class='ocrx_word' id='word_1_165' title='bbox 74 1583 141 1614; x_wconf 73' lang='lat'>‘250</span> <span class='ocrx_word' id='word_1_166' title='bbox 220 1575 376 1614; x_wconf 88' lang='lat' dir='ltr'>Eminet</span> <span class='ocrx_word' id='word_1_167' title='bbox 408 1582 496 1615; x_wconf 90' lang='lat' dir='ltr'>ante</span> <span class='ocrx_word' id='word_1_168' title='bbox 528 1576 691 1627; x_wconf 88' lang='lat' dir='ltr'>oculos,</span> <span class='ocrx_word' id='word_1_169' title='bbox 725 1575 827 1627; x_wconf 90' lang='lat' dir='ltr'>quod</span> <span class='ocrx_word' id='word_1_170' title='bbox 860 1578 990 1628; x_wconf 90' lang='lat' dir='ltr'>petis,</span> <span class='ocrx_word' id='word_1_171' title='bbox 1023 1588 1114 1615; x_wconf 89' lang='lat' dir='ltr'>ecce</span> <span class='ocrx_word' id='word_1_172' title='bbox 1147 1582 1258 1615; x_wconf 85' lang='lat' dir='ltr'>tuos.</span> 
     </span>
     <span class='ocr_line' id='line_1_27' title="bbox 160 1633 1359 1685; baseline 0.001 -13"><span class='ocrx_word' id='word_1_173' title='bbox 160 1633 282 1672; x_wconf 90' lang='lat' dir='ltr'>Mater</span> <span class='ocrx_word' id='word_1_174' title='bbox 313 1639 415 1673; x_wconf 84' lang='lat' dir='ltr'>amat</span> <span class='ocrx_word' id='word_1_175' title='bbox 447 1640 610 1685; x_wconf 87' lang='lat' dir='ltr'>nuptas:</span> <span class='ocrx_word' id='word_1_176' title='bbox 655 1640 817 1673; x_wconf 88' lang='lat' dir='ltr'>matrem</span> <span class='ocrx_word' id='word_1_177' title='bbox 850 1646 935 1673; x_wconf 89' lang='lat' dir='ltr'>mea</span> <span class='ocrx_word' id='word_1_178' title='bbox 968 1634 1081 1673; x_wconf 88' lang='lat' dir='ltr'>turba</span> <span class='ocrx_word' id='word_1_179' title='bbox 1114 1635 1359 1685; x_wconf 71' lang='lat' dir='ltr'>frequentat‚</span> 
     </span>
     <span class='ocr_line' id='line_1_28' title="bbox 219 1690 1206 1744; baseline 0.001 -14"><span class='ocrx_word' id='word_1_180' title='bbox 219 1691 322 1731; x_wconf 88' lang='lat' dir='ltr'>Haec</span> <span class='ocrx_word' id='word_1_181' title='bbox 354 1704 424 1731; x_wconf 91' lang='lat' dir='ltr'>nos</span> <span class='ocrx_word' id='word_1_182' title='bbox 456 1693 665 1744; x_wconf 87' lang='lat' dir='ltr'>praecipue</span> <span class='ocrx_word' id='word_1_183' title='bbox 699 1698 775 1731; x_wconf 89' lang='lat' dir='ltr'>tam</span> <span class='ocrx_word' id='word_1_184' title='bbox 808 1694 869 1743; x_wconf 86' lang='lat' dir='ltr'>pia</span> <span class='ocrx_word' id='word_1_185' title='bbox 902 1705 1016 1732; x_wconf 87' lang='lat' dir='ltr'>causa</span> <span class='ocrx_word' id='word_1_186' title='bbox 1049 1690 1206 1731; x_wconf 81' lang='lat' dir='ltr'>decet.’</span> 
     </span>
     <span class='ocr_line' id='line_1_29' title="bbox 160 1749 1192 1801; baseline 0.001 -13"><span class='ocrx_word' id='word_1_187' title='bbox 160 1750 275 1789; x_wconf 88' lang='lat' dir='ltr'>Ferte</span> <span class='ocrx_word' id='word_1_188' title='bbox 307 1749 400 1789; x_wconf 91' lang='lat' dir='ltr'>deae</span> <span class='ocrx_word' id='word_1_189' title='bbox 433 1749 577 1789; x_wconf 87' lang='lat' dir='ltr'>ssores!</span> <span class='ocrx_word' id='word_1_190' title='bbox 623 1751 765 1801; x_wconf 83' lang='lat' dir='ltr'>gaudet</span> <span class='ocrx_word' id='word_1_191' title='bbox 796 1750 1027 1790; x_wconf 80' lang='lat' dir='ltr'>florentibus</span> <span class='ocrx_word' id='word_1_192' title='bbox 1059 1750 1192 1789; x_wconf 89' lang='lat' dir='ltr'>herbis</span> 
     </span>
     <span class='ocr_line' id='line_1_30' title="bbox 218 1807 1182 1860; baseline 0.001 -14"><span class='ocrx_word' id='word_1_193' title='bbox 218 1807 321 1847; x_wconf 86' lang='lat' dir='ltr'>Haec</span> <span class='ocrx_word' id='word_1_194' title='bbox 353 1808 446 1848; x_wconf 86' lang='lat' dir='ltr'>dea:</span> <span class='ocrx_word' id='word_1_195' title='bbox 491 1808 538 1847; x_wconf 85' lang='lat' dir='ltr'>de</span> <span class='ocrx_word' id='word_1_196' title='bbox 571 1814 706 1847; x_wconf 83' lang='lat' dir='ltr'>tenero</span> <span class='ocrx_word' id='word_1_197' title='bbox 739 1810 882 1860; x_wconf 84' lang='lat' dir='ltr'>cingite</span> <span class='ocrx_word' id='word_1_198' title='bbox 914 1809 1010 1847; x_wconf 87' lang='lat' dir='ltr'>ssore</span> <span class='ocrx_word' id='word_1_199' title='bbox 1043 1815 1182 1859; x_wconf 89' lang='lat' dir='ltr'>caput:</span> 
     </span>
     <span class='ocr_line' id='line_1_31' title="bbox 73 1863 1143 1918; baseline 0 -13"><span class='ocrx_word' id='word_1_200' title='bbox 73 1873 140 1905; x_wconf 74' lang='lat'>255</span> <span class='ocrx_word' id='word_1_201' title='bbox 161 1865 283 1905; x_wconf 88' lang='lat' dir='ltr'>Dicite</span> <span class='ocrx_word' id='word_1_202' title='bbox 317 1863 381 1905; x_wconf 69' lang='lat' dir='ltr'>‘tu</span> <span class='ocrx_word' id='word_1_203' title='bbox 414 1866 526 1905; x_wconf 88' lang='lat' dir='ltr'>nobis</span> <span class='ocrx_word' id='word_1_204' title='bbox 558 1866 714 1918; x_wconf 88' lang='lat' dir='ltr'>lucem,</span> <span class='ocrx_word' id='word_1_205' title='bbox 745 1866 921 1918; x_wconf 88' lang='lat' dir='ltr'>Lucina,</span> <span class='ocrx_word' id='word_1_206' title='bbox 954 1864 1143 1905; x_wconf 81' lang='lat' dir='ltr'>dedistil&#39;</span> 
     </span>
     <span class='ocr_line' id='line_1_32' title="bbox 218 1921 1017 1976; baseline 0.001 -13"><span class='ocrx_word' id='word_1_207' title='bbox 218 1923 342 1963; x_wconf 89' lang='lat' dir='ltr'>Dicite</span> <span class='ocrx_word' id='word_1_208' title='bbox 375 1921 440 1964; x_wconf 75' lang='lat' dir='ltr'>‘tu</span> <span class='ocrx_word' id='word_1_209' title='bbox 472 1930 561 1964; x_wconf 86' lang='lat' dir='ltr'>voto</span> <span class='ocrx_word' id='word_1_210' title='bbox 594 1926 848 1976; x_wconf 84' lang='lat' dir='ltr'>parturientis</span> <span class='ocrx_word' id='word_1_211' title='bbox 880 1921 1017 1964; x_wconf 80' lang='lat' dir='ltr'>adesl&#39;</span> 
     </span>
     <span class='ocr_line' id='line_1_33' title="bbox 161 1981 1336 2035; baseline 0 -14"><span class='ocrx_word' id='word_1_212' title='bbox 161 1981 280 2033; x_wconf 88' lang='lat' dir='ltr'>Siqua</span> <span class='ocrx_word' id='word_1_213' title='bbox 312 1988 440 2022; x_wconf 87' lang='lat' dir='ltr'>tamen</span> <span class='ocrx_word' id='word_1_214' title='bbox 473 1983 628 2033; x_wconf 85' lang='lat' dir='ltr'>gravida</span> <span class='ocrx_word' id='word_1_215' title='bbox 661 1988 748 2034; x_wconf 88' lang='lat' dir='ltr'>est,</span> <span class='ocrx_word' id='word_1_216' title='bbox 780 1983 953 2021; x_wconf 90' lang='lat' dir='ltr'>resoluto</span> <span class='ocrx_word' id='word_1_217' title='bbox 986 1984 1094 2021; x_wconf 90' lang='lat' dir='ltr'>crine</span> <span class='ocrx_word' id='word_1_218' title='bbox 1126 1987 1336 2035; x_wconf 80' lang='lat' dir='ltr'>precetur,</span> 
     </span>
     <span class='ocr_line' id='line_1_34' title="bbox 218 2040 1029 2093; baseline 0 -13"><span class='ocrx_word' id='word_1_219' title='bbox 218 2040 268 2079; x_wconf 89' lang='lat' dir='ltr'>Ut</span> <span class='ocrx_word' id='word_1_220' title='bbox 299 2041 421 2080; x_wconf 87' lang='lat' dir='ltr'>solvat</span> <span class='ocrx_word' id='word_1_221' title='bbox 452 2046 586 2093; x_wconf 88' lang='lat' dir='ltr'>partus</span> <span class='ocrx_word' id='word_1_222' title='bbox 619 2041 787 2080; x_wconf 89' lang='lat' dir='ltr'>molliter</span> <span class='ocrx_word' id='word_1_223' title='bbox 817 2041 881 2080; x_wconf 91' lang='lat' dir='ltr'>illa</span> <span class='ocrx_word' id='word_1_224' title='bbox 913 2053 1029 2080; x_wconf 86' lang='lat' dir='ltr'>suos.</span> 
     </span>
     <span class='ocr_line' id='line_1_35' title="bbox 159 2098 1211 2151; baseline 0.001 -14"><span class='ocrx_word' id='word_1_225' title='bbox 159 2098 254 2144; x_wconf 88' lang='lat' dir='ltr'>Quis</span> <span class='ocrx_word' id='word_1_226' title='bbox 287 2099 380 2138; x_wconf 90' lang='lat' dir='ltr'>mihi</span> <span class='ocrx_word' id='word_1_227' title='bbox 412 2112 516 2138; x_wconf 91' lang='lat' dir='ltr'>nunc</span> <span class='ocrx_word' id='word_1_228' title='bbox 549 2100 652 2139; x_wconf 86' lang='lat' dir='ltr'>dicet</span> <span class='ocrx_word' id='word_1_229' title='bbox 669 2131 680 2151; x_wconf 93' lang='lat'>,</span> <span class='ocrx_word' id='word_1_230' title='bbox 713 2112 832 2151; x_wconf 88' lang='lat' dir='ltr'>quare</span> <span class='ocrx_word' id='word_1_231' title='bbox 866 2099 1046 2138; x_wconf 87' lang='lat' dir='ltr'>caelestia</span> <span class='ocrx_word' id='word_1_232' title='bbox 1076 2098 1211 2138; x_wconf 86' lang='lat' dir='ltr'>Martis</span> 
     </span>
     <span class='ocr_line' id='line_1_36' title="bbox 73 2155 1194 2210; baseline 0.001 -15"><span class='ocrx_word' id='word_1_233' title='bbox 73 2165 139 2196; x_wconf 78' lang='lat'>260</span> <span class='ocrx_word' id='word_1_234' title='bbox 217 2157 334 2196; x_wconf 84' lang='lat' dir='ltr'>Arma</span> <span class='ocrx_word' id='word_1_235' title='bbox 366 2159 492 2197; x_wconf 86' lang='lat' dir='ltr'>ferant</span> <span class='ocrx_word' id='word_1_236' title='bbox 524 2157 644 2210; x_wconf 88' lang='lat' dir='ltr'>Salii,</span> <span class='ocrx_word' id='word_1_237' title='bbox 676 2158 987 2209; x_wconf 84' lang='lat' dir='ltr'>Mamuriumque</span> <span class='ocrx_word' id='word_1_238' title='bbox 1021 2155 1194 2197; x_wconf 76' lang='lat' dir='ltr'>canant?</span> 
     </span>
     <span class='ocr_line' id='line_1_37' title="bbox 158 2214 1378 2268; baseline 0.001 -15"><span class='ocrx_word' id='word_1_239' title='bbox 158 2214 362 2268; x_wconf 82' lang='lat' dir='ltr'>Nympha,</span> <span class='ocrx_word' id='word_1_240' title='bbox 394 2228 537 2268; x_wconf 88' lang='lat' dir='ltr'>mone,</span> <span class='ocrx_word' id='word_1_241' title='bbox 569 2216 728 2255; x_wconf 88' lang='lat' dir='ltr'>Nemori</span> <span class='ocrx_word' id='word_1_242' title='bbox 767 2222 981 2267; x_wconf 82' lang='lat' dir='ltr'>stagnoque</span> <span class='ocrx_word' id='word_1_243' title='bbox 1019 2221 1177 2268; x_wconf 86' lang='lat' dir='ltr'>operata</span> <span class='ocrx_word' id='word_1_244' title='bbox 1210 2215 1378 2268; x_wconf 63' lang='lat' dir='ltr'>Dianae,</span> 
     </span>
     <span class='ocr_line' id='line_1_38' title="bbox 216 2273 1282 2326; baseline 0 -14"><span class='ocrx_word' id='word_1_245' title='bbox 216 2273 391 2326; x_wconf 80' lang='lat' dir='ltr'>Nympha</span> <span class='ocrx_word' id='word_1_246' title='bbox 411 2305 422 2326; x_wconf 94' lang='lat'>,</span> <span class='ocrx_word' id='word_1_247' title='bbox 453 2274 600 2313; x_wconf 88' lang='lat' dir='ltr'>Numae</span> <span class='ocrx_word' id='word_1_248' title='bbox 633 2276 801 2314; x_wconf 89' lang='lat' dir='ltr'>coniunx</span> <span class='ocrx_word' id='word_1_249' title='bbox 821 2305 832 2326; x_wconf 99' lang='lat'>,</span> <span class='ocrx_word' id='word_1_250' title='bbox 864 2275 910 2313; x_wconf 90' lang='lat' dir='ltr'>ad</span> <span class='ocrx_word' id='word_1_251' title='bbox 942 2280 1009 2314; x_wconf 87' lang='lat' dir='ltr'>tua</span> <span class='ocrx_word' id='word_1_252' title='bbox 1040 2275 1140 2314; x_wconf 85' lang='lat' dir='ltr'>sacta</span> <span class='ocrx_word' id='word_1_253' title='bbox 1173 2276 1282 2313; x_wconf 91' lang='lat' dir='ltr'>veni.</span> 
     </span>
    </p>
   </div>
  </div>
 </body>
</html>
