1575 2489
604 81 648 112 11.
677 82 782 113 494—
794 82 870 113 565.
1318 79 1402 120 249

191 189 393 239 Stultaque
426 200 516 239 pars
549 188 709 240 populi,
743 200 841 239 quae
874 189 925 226 sit
957 200 1026 227 sua
1058 190 1195 241 curia,
1227 190 1375 240 nescit,

250 247 326 285 Sed
358 247 449 285 facit
480 252 653 285 extrema
686 259 794 285 sacra
825 246 946 285 relata
978 247 1062 285 die.

158 338 222 379 18.
255 335 334 378 AC
399 337 464 378 19.
496 334 573 378 BC
636 338 702 379 20.
736 336 808 379 CC
870 338 937 379 21.
971 336 1009 377 D
1037 336 1321 379 FERAL-F

189 421 259 459 Est
289 421 414 459 honor
447 426 485 459 et
517 421 706 472 tumulis,
740 423 884 460 animas
916 420 1068 472 placare
1101 427 1305 473 paternas,

247 479 445 530 Parvaque
478 480 516 517 in
551 486 749 518 extructas
780 492 941 518 munera
975 480 1078 518 ferre
1111 492 1246 530 pyras.

102 546 167 577 535
188 538 311 577 Parva
341 544 482 588 petunt
512 550 675 577 manes:
719 540 843 588 pietas
874 551 945 589 pro
979 537 1095 576 divite
1128 544 1236 588 grata
1268 543 1327 576 est

247 596 438 634 Munere:
471 608 548 635 non
582 597 713 634 avidos
747 596 840 647 Styx
872 596 988 635 habet
1018 598 1095 634 ima
1128 597 1244 635 deos.

189 654 333 705 Tegula
366 656 559 705 porrectis
593 656 684 693 satis
717 661 776 693 est
806 655 928 694 velata
961 656 1115 693 coronis

249 713 298 751 Et
329 725 484 763 sparsae
518 713 650 763 fruges
681 725 875 764 parcaque
908 715 1006 752 mica
1039 713 1152 764 salis,

189 771 310 821 lnque
344 783 451 809 mero
484 771 628 810 mollita
660 771 807 823 Ceres,
840 771 1040 822 violaeque
1073 771 1245 810 solutae:

100 838 168 869 540
247 829 350 868 Haec
382 829 521 868 habeat
553 830 677 868 media
710 835 808 868 testa
840 830 974 868 relicta
1006 831 1085 867 via.

189 888 268 926 Nec
300 889 446 926 maiora
477 894 593 939 vet03
625 888 693 925 sed
726 894 764 925 et
794 887 855 925 his
887 887 1085 938 placabilis
1117 887 1255 926 umbra
1287 894 1370 926 est:

247 946 354 984 Adde
386 958 523 997 preces
554 947 691 996 positis
724 952 762 984 et
794 958 861 984 sua
895 945 1010 984 verba
1042 946 1163 984 focis.

189 1004 301 1043 Hunc
333 1016 482 1042 morem
513 1005 690 1055 Aeneas,
723 1005 877 1055 pietatis
910 1005 1074 1042 idoneus
1107 1010 1242 1043 auctor

249 1063 386 1101 Attulit
417 1064 456 1100 in
490 1068 614 1100 terras
634 1093 643 1110 ,
677 1064 778 1101 iuste
812 1062 945 1101 Latine
965 1094 976 1114 ‚
1007 1068 1117 1101 tuas.

103 1129 168 1160 545
190 1121 256 1159 lllc
290 1122 410 1171 patris
443 1121 564 1159 Genio
598 1120 798 1159 sollemnia
830 1121 929 1159 dona
962 1120 1134 1160 serebat:

248 1179 346 1217 Hinc
378 1178 512 1230 populi
543 1181 643 1217 ritus
676 1179 870 1217 edidicere
903 1181 1011 1230 pios.

189 1238 237 1276 At
269 1238 463 1288 quondam
483 1269 493 1288 ‚
525 1237 617 1275 dum
648 1237 761 1288 longa
793 1243 935 1288 gerunt
965 1237 1208 1289 pugnacibus
1241 1239 1359 1276 armis

247 1296 380 1344 Bella,
413 1296 637 1334 Parentales
670 1297 880 1334 deseruere
914 1296 1019 1335 dies.

190 1354 274 1392 Non
309 1356 466 1405 impune
500 1355 601 1406 suit3
634 1366 721 1392 nam
755 1355 897 1393 dicitur
931 1356 1058 1393 omine
1092 1354 1138 1393 ab
1171 1356 1245 1394 isto

100 1420 168 1452 550
247 1413 367 1451 Roma
400 1412 635 1451 suburbanis
666 1413 874 1451 incaluisse
907 1415 1033 1464 rogis.

190 1470 257 1509 Vix
292 1471 471 1521 equidem
505 1471 620 1509 credo
640 1502 651 1521 ‚
684 1470 809 1509 bustis
841 1473 967 1509 exisse
1000 1472 1182 1510 seruntur

246 1529 295 1567 Et
327 1531 465 1568 tacitae
499 1531 626 1579 questi
659 1535 833 1580 tempore
866 1531 992 1568 noctis
1025 1531 1107 1581 avi,

187 1587 341 1638 Perque
374 1589 453 1626 vias
486 1587 595 1625 urbis
627 1586 836 1638 Latiosque
869 1587 1038 1626 ululasse
1072 1600 1141 1638 per
1174 1600 1287 1639 agros

248 1646 450 1684 Desormes
484 1647 630 1684 animas
649 1677 660 1697 ‚
692 1646 828 1696 volgus
859 1647 973 1684 inane
993 1678 1004 1697 ‚
1036 1647 1191 1685 ferunt.

101 1712 167 1744 555
188 1704 284 1743 Post
316 1716 358 1742 ea
390 1706 591 1755 praeteriti
624 1704 784 1743 tumulis
817 1704 1037 1743 redduntur
1069 1705 1262 1756 honores,

246 1762 518 1813 Prodigiisque
551 1764 656 1801 venit
688 1762 971 1814 funeribusque
1004 1763 1165 1801 modus.

188 1821 287 1860 Dum
320 1828 447 1859 tamen
481 1820 575 1859 haec
607 1821 729 1872 fient,
761 1821 897 1859 viduae
931 1827 1078 1860 cessate
1110 1821 1285 1872 puellae:

247 1879 438 1930 Expectet
468 1891 588 1930 puros
621 1881 734 1929 pinea
768 1879 876 1917 taeda
909 1879 1014 1918 dies.

187 1937 266 1977 Nec
299 1937 398 1988 tibi,
432 1949 529 1988 quae
563 1937 725 1987 cupidae
758 1944 909 1976 matura
940 1937 1123 1977 videbere
1155 1940 1292 1990 matri,

101 2005 166 2036 560
246 1996 381 2035 Comat
411 1998 604 2046 virgineas
637 1995 745 2034 hasta
777 2007 940 2034 recurva
972 2008 1124 2035 comas.

187 2055 317 2094 Conde
351 2061 435 2093 tuas
456 2086 466 2105 ,
498 2054 717 2105 Hymenaee
737 2085 747 2102 ‚
780 2055 874 2092 facis
894 2086 904 2106 ‚
937 2060 975 2093 et
1007 2055 1052 2093 ab
1085 2054 1241 2105 ignibus
1273 2056 1367 2094 atris

244 2112 393 2151 Auser!
438 2112 582 2151 habent
614 2112 705 2151 alias
737 2118 882 2151 maesta
915 2112 1120 2163 sepulchra
1153 2114 1278 2152 faces.

188 2171 232 2210 Di
265 2183 420 2222 quoque
454 2171 687 2221 templorum
722 2171 872 2210 foribus
905 2171 1083 2210 celentur
1115 2173 1285 2224 opertis,

245 2230 349 2268 Ture
382 2236 517 2268 vacent
550 2241 637 2268 arae
670 2236 851 2281 stentque
885 2231 968 2268 sine
1000 2231 1089 2281 igne
1121 2231 1219 2269 foci.

99 2297 165 2327 565
186 2288 298 2327 Nunc
332 2289 479 2327 animae
513 2294 650 2327 tenues
683 2295 721 2327 et
753 2300 917 2340 corpora
949 2289 1082 2328 functa
1114 2288 1332 2341 sepulchris
