1601 2484
169 75 226 116 50
719 73 944 106 TRISTIUM

289 183 447 234 Singula
479 182 573 232 quid
606 182 772 219 referam
792 177 814 219 ἱ)
862 180 917 219 nil
947 193 1024 219 non
1057 179 1218 218 mortale
1249 185 1431 218 tenemus

289 241 464 279 Pectoris
497 240 672 290 exceptis
703 239 928 289 ingeniique
960 238 1084 277 bonis.

224 308 267 338 45
288 299 347 337 En
379 310 481 349 ego,
514 309 603 335 cum
636 308 788 336 caream
819 298 943 347 patria
973 296 1160 347 vobisque
1192 296 1409 347 domoque,

289 357 490 406 Raptaque
523 356 629 403 sint,
662 354 779 393 adimi
812 366 910 405 quae
941 360 1106 405 potuere
1137 354 1254 405 mihi,

290 414 449 464 Ingenio
483 419 612 451 tamen
643 414 726 463 ipse
758 424 844 450 meo
878 414 1119 463 comitorque
1152 412 1364 462 fruorque:

291 472 431 510 Caesar
462 472 502 510 in
534 471 608 509 hoc
641 471 767 521 potuit
792 472 889 508 iuris
921 469 1063 508 habere
1095 469 1213 508 nihil.

291 529 462 574 Quilibet
492 529 591 567 hanc
625 540 737 567 saevo
770 530 887 567 vitam
916 528 1013 566 mihi
1044 528 1151 566 finiat
1183 539 1300 580 ense3

227 596 270 627 50
292 588 351 626 Me
382 593 513 626 tamen
546 588 716 626 extincto
750 586 849 625 fama
881 591 1082 636 superstes
1114 587 1210 637 erit,

290 646 469 696 Dumque
502 647 583 684 suis
615 646 755 683 victrix
788 656 941 682 omnem
973 643 1021 682 de
1053 643 1250 682 montibus
1283 643 1418 682 orbem

290 703 508 755 Prospiciet
539 703 729 742 domitum
760 703 895 741 Martia
927 701 1047 740 Roma
1067 733 1077 752 ‚
1108 701 1237 751 legar.

291 761 350 800 Tu
384 774 568 813 quoque,
601 773 716 812 quam
749 761 867 800 studii
899 764 1052 798 maneat
1084 759 1232 798 felicior
1264 772 1385 812 usus,

291 819 427 871 Effuge
460 825 675 872 venturos,
709 831 783 871 qua
815 823 955 870 potes·‚
987 829 1112 868 usque
1145 816 1282 868 rogos!

775 946 903 993 VIII.

290 1052 402 1092 Nunc
434 1064 504 1104 ego
537 1051 766 1103 Triptolemi
798 1063 983 1102 cuperem
1015 1052 1230 1090 consistere
1262 1062 1407 1102 curru,

292 1111 396 1149 Misit
426 1112 466 1149 in
499 1112 670 1160 ignotam
703 1111 769 1160 qui
801 1110 898 1148 rude
931 1121 1064 1148 semen
1095 1109 1278 1161 humum3

291 1168 404 1208 Nunc
438 1180 508 1217 ego
542 1167 699 1206 Medeae
731 1168 868 1206 vellem
900 1168 1054 1205 frenare
1086 1168 1298 1218 dracones,

293 1227 402 1272 Quos
427 1226 564 1265 habuit
595 1227 749 1276 fugiens
782 1238 899 1277 arce,
932 1225 1147 1276 Corinthe‚
1179 1231 1266 1274 tua3

253 1294 272 1324 5
293 1285 405 1324 Nunc
438 1297 509 1335 ego
541 1284 737 1323 iactandas
771 1289 947 1335 optarem
978 1295 1134 1322 sumere
1166 1294 1339 1334 pennas,

295 1344 383 1382 Sive
417 1348 503 1382 tuas
523 1374 533 1394 ,
565 1342 713 1381 Perseu
732 1374 742 1394 ,
775 1342 937 1381 Daedale
958 1373 968 1393 ,
1000 1344 1080 1380 sive
1112 1347 1222 1380 tuas:

294 1401 343 1441 Ut
373 1407 507 1441 tenera
540 1402 686 1439 nostris
722 1401 884 1439 cedente
916 1399 1106 1438 volatibus
1137 1411 1230 1438 aura

294 1461 520 1511 Aspicerem
552 1460 697 1510 patriae
731 1458 842 1497 dulce
875 1464 1036 1509 repente
1069 1457 1217 1508 solum,

295 1517 557 1568 Desertaeque
593 1517 730 1555 domus
763 1516 921 1568 vultus,
953 1527 1224 1566 memoresque
1258 1514 1432 1566 sodales,

232 1585 274 1616 10
296 1576 468 1626 Caraque
502 1577 709 1626 praecipue
743 1576 920 1625 coniugis
952 1586 1018 1612 ora
1050 1586 1180 1612 meae.

298 1634 422 1674 Stulte
442 1665 453 1685 ‚
486 1633 577 1684 quid
610 1633 704 1672 haec
736 1634 882 1672 frustra
914 1634 1010 1671 votis
1043 1632 1260 1683 puerilibus
1292 1637 1426 1683 optas,

297 1693 404 1738 Quae
438 1704 514 1730 non
547 1691 622 1730 ulla
655 1691 726 1729 tibi
758 1692 911 1742 fertque
943 1691 1120 1741 feretque
1153 1688 1271 1729 dies?

298 1751 339 1790 Si
371 1750 491 1789 semel
524 1749 735 1800 optandum
769 1757 854 1800 cst,
887 1750 1051 1799 Augusti
1083 1761 1228 1787 numen
1260 1748 1400 1798 adora,

297 1809 374 1861 Et,
408 1820 524 1859 quem
556 1809 742 1859 sensisti,
774 1809 849 1846 rite
880 1819 1042 1858 precare
1075 1807 1212 1846 deum.

236 1876 278 1907 15
298 1867 366 1906 Ille
397 1866 468 1906 tibi
499 1878 724 1917 pennasque
757 1871 886 1916 potest
919 1877 1137 1916 currusque
1171 1865 1348 1904 volucres

297 1926 470 1964 Tradere
492 1956 500 1964 .
550 1924 616 1963 det
646 1924 844 1974 reditum,
877 1925 1055 1975 protinus
1088 1923 1167 1962 ales
1199 1924 1302 1961 eris.

300 1984 340 2023 Si
359 1995 498 2035 precer
519 1982 593 2021 hoc
611 2004 666 2010 -
680 1995 808 2033 neque
835 1984 938 2020 enim
958 1994 1118 2033 possum
1138 1982 1283 2021 maiora
1308 1992 1446 2031 rogare
1461 2001 1510 2007 —

298 2042 354 2081 Ne
387 2054 472 2080 mea
504 2042 580 2080 sint
599 2071 610 2093 5
641 2042 759 2080 timeo
778 2071 789 2093 7
820 2046 908 2079 vota
939 2040 1113 2079 modesta
1144 2051 1304 2091 parum.

300 2100 479 2139 Forsitan
511 2099 584 2138 hoc
617 2099 706 2138 olim
725 2130 736 2151 ‚
769 2111 857 2138 cum
889 2100 965 2137 iam
997 2100 1194 2137 satiaverit
1225 2100 1345 2149 iram,

236 2167 278 2198 20
302 2159 411 2197 Tunc
445 2170 600 2209 quoque
633 2157 796 2196 sollicita
827 2163 956 2196 mente
976 2188 986 2208 ‚
1019 2157 1214 2207 rogandus
1247 2157 1343 2194 erit.

301 2216 411 2262 Quod
445 2218 574 2255 minus
593 2247 603 2267 ,
635 2217 785 2254 interea
817 2221 876 2254 est
906 2216 1029 2253 instar
1056 2214 1149 2252 inihi
1175 2215 1348 2253 muneris
1375 2212 1514 2264 ampli:

299 2274 357 2314 Ex
389 2275 449 2313 liis
481 2286 542 2314 me
574 2273 706 2314 iubeat
738 2273 911 2324 quolibet
941 2274 1000 2312 ire
1032 2272 1149 2312 locis.
