<?xml version="1.0" encoding="UTF-8"?>
<!DOCTYPE html PUBLIC "-//W3C//DTD XHTML 1.0 Transitional//EN"
    "http://www.w3.org/TR/xhtml1/DTD/xhtml1-transitional.dtd">
<html xmlns="http://www.w3.org/1999/xhtml" xml:lang="en" lang="en">
 <head>
  <title>
</title>
<meta http-equiv="Content-Type" content="text/html;charset=utf-8" />
  <meta name='ocr-system' content='tesseract 3.04.00' />
  <meta name='ocr-capabilities' content='ocr_page ocr_carea ocr_par ocr_line ocrx_word'/>
</head>
<body>
  <div class='ocr_page' id='page_1' title='image "./operaovid01oviduoft_0128.png"; bbox 0 0 1575 2489; ppageno 0'>
   <div class='ocr_carea' id='block_1_1' title="bbox 189 98 960 140">
    <p class='ocr_par' dir='ltr' id='par_1_1' title="bbox 189 98 960 140">
     <span class='ocr_line' id='line_1_1' title="bbox 189 98 960 140; baseline -0.013 0"><span class='ocrx_word' id='word_1_1' title='bbox 189 98 244 140; x_wconf 87' lang='grc'>80</span> <span class='ocrx_word' id='word_1_2' title='bbox 735 99 960 132; x_wconf 82' lang='lat' dir='ltr'>TRISTIUM</span> 
     </span>
    </p>
   </div>
   <div class='ocr_carea' id='block_1_2' title="bbox 219 206 1518 1014">
    <p class='ocr_par' dir='ltr' id='par_1_2' title="bbox 219 206 1518 1014">
     <span class='ocr_line' id='line_1_2' title="bbox 304 206 1443 260; baseline -0.001 -14"><span class='ocrx_word' id='word_1_3' title='bbox 304 207 363 246; x_wconf 94' lang='lat' dir='ltr'>Tu</span> <span class='ocrx_word' id='word_1_4' title='bbox 395 208 472 246; x_wconf 85' lang='lat' dir='ltr'>dux</span> <span class='ocrx_word' id='word_1_5' title='bbox 505 212 543 245; x_wconf 83' lang='lat' dir='ltr'>et</span> <span class='ocrx_word' id='word_1_6' title='bbox 575 218 704 245; x_wconf 88' lang='lat' dir='ltr'>comes</span> <span class='ocrx_word' id='word_1_7' title='bbox 736 219 807 258; x_wconf 87' lang='lat' dir='ltr'>es;</span> <span class='ocrx_word' id='word_1_8' title='bbox 839 212 882 245; x_wconf 90' lang='lat' dir='ltr'>tu</span> <span class='ocrx_word' id='word_1_9' title='bbox 913 219 984 245; x_wconf 88' lang='lat' dir='ltr'>nos</span> <span class='ocrx_word' id='word_1_10' title='bbox 1016 206 1176 245; x_wconf 89' lang='lat' dir='ltr'>abducis</span> <span class='ocrx_word' id='word_1_11' title='bbox 1209 206 1256 245; x_wconf 89' lang='lat' dir='ltr'>ab</span> <span class='ocrx_word' id='word_1_12' title='bbox 1287 206 1443 260; x_wconf 81' lang='lat' dir='ltr'>Histro,</span> 
     </span>
     <span class='ocr_line' id='line_1_3' title="bbox 219 264 1220 316; baseline -0.001 -12"><span class='ocrx_word' id='word_1_13' title='bbox 219 274 284 304; x_wconf 83' lang='lat'>120</span> <span class='ocrx_word' id='word_1_14' title='bbox 317 265 359 303; x_wconf 92' lang='lat' dir='ltr'>In</span> <span class='ocrx_word' id='word_1_15' title='bbox 390 264 596 315; x_wconf 86' lang='lat' dir='ltr'>medioque</span> <span class='ocrx_word' id='word_1_16' title='bbox 627 264 722 302; x_wconf 89' lang='lat' dir='ltr'>mihi</span> <span class='ocrx_word' id='word_1_17' title='bbox 753 264 820 302; x_wconf 89' lang='lat' dir='ltr'>das</span> <span class='ocrx_word' id='word_1_18' title='bbox 852 264 1037 303; x_wconf 87' lang='lat' dir='ltr'>Helicone</span> <span class='ocrx_word' id='word_1_19' title='bbox 1068 264 1220 316; x_wconf 82' lang='lat' dir='ltr'>locum3</span> 
     </span>
     <span class='ocr_line' id='line_1_4' title="bbox 305 322 1431 375; baseline 0.002 -15"><span class='ocrx_word' id='word_1_20' title='bbox 305 323 365 361; x_wconf 89' lang='lat' dir='ltr'>Tu</span> <span class='ocrx_word' id='word_1_21' title='bbox 396 322 491 361; x_wconf 89' lang='lat' dir='ltr'>mihi</span> <span class='ocrx_word' id='word_1_22' title='bbox 510 354 520 374; x_wconf 83' lang='lat'>‚</span> <span class='ocrx_word' id='word_1_23' title='bbox 553 322 655 372; x_wconf 91' lang='lat' dir='ltr'>quod</span> <span class='ocrx_word' id='word_1_24' title='bbox 688 334 822 361; x_wconf 87' lang='lat' dir='ltr'>rarum</span> <span class='ocrx_word' id='word_1_25' title='bbox 852 327 941 375; x_wconf 89' lang='lat' dir='ltr'>est,</span> <span class='ocrx_word' id='word_1_26' title='bbox 973 324 1057 361; x_wconf 90' lang='lat' dir='ltr'>vivo</span> <span class='ocrx_word' id='word_1_27' title='bbox 1090 322 1256 361; x_wconf 88' lang='lat' dir='ltr'>sublime</span> <span class='ocrx_word' id='word_1_28' title='bbox 1289 322 1431 362; x_wconf 87' lang='lat' dir='ltr'>dedisti</span> 
     </span>
     <span class='ocr_line' id='line_1_5' title="bbox 304 380 1312 431; baseline 0.002 -13"><span class='ocrx_word' id='word_1_29' title='bbox 304 381 454 419; x_wconf 81' lang='lat' dir='ltr'><strong>Nomen</strong></span> <span class='ocrx_word' id='word_1_30' title='bbox 474 411 484 431; x_wconf 85' lang='lat'><em>,</em></span> <span class='ocrx_word' id='word_1_31' title='bbox 517 380 563 418; x_wconf 89' lang='lat' dir='ltr'>ab</span> <span class='ocrx_word' id='word_1_32' title='bbox 596 382 771 430; x_wconf 84' lang='lat' dir='ltr'>exequiis</span> <span class='ocrx_word' id='word_1_33' title='bbox 803 381 905 431; x_wconf 92' lang='lat' dir='ltr'>quod</span> <span class='ocrx_word' id='word_1_34' title='bbox 938 381 1029 419; x_wconf 84' lang='lat' dir='ltr'>dare</span> <span class='ocrx_word' id='word_1_35' title='bbox 1060 381 1159 419; x_wconf 85' lang='lat' dir='ltr'>fama</span> <span class='ocrx_word' id='word_1_36' title='bbox 1191 380 1312 421; x_wconf 87' lang='lat' dir='ltr'>solet.</span> 
     </span>
     <span class='ocr_line' id='line_1_6' title="bbox 305 438 1329 490; baseline 0.001 -14"><span class='ocrx_word' id='word_1_37' title='bbox 305 439 385 477; x_wconf 83' lang='lat' dir='ltr'>Nec</span> <span class='ocrx_word' id='word_1_38' title='bbox 403 469 414 490; x_wconf 79' lang='lat'><em>‚</em></span> <span class='ocrx_word' id='word_1_39' title='bbox 447 439 514 489; x_wconf 92' lang='lat' dir='ltr'>qui</span> <span class='ocrx_word' id='word_1_40' title='bbox 546 438 737 477; x_wconf 83' lang='lat' dir='ltr'>detrectat</span> <span class='ocrx_word' id='word_1_41' title='bbox 768 440 987 489; x_wconf 87' lang='lat' dir='ltr'>praesentia</span> <span class='ocrx_word' id='word_1_42' title='bbox 1006 470 1017 490; x_wconf 82' lang='lat'><em>,</em></span> <span class='ocrx_word' id='word_1_43' title='bbox 1047 438 1163 477; x_wconf 92' lang='lat' dir='ltr'>Livor</span> <span class='ocrx_word' id='word_1_44' title='bbox 1193 440 1329 490; x_wconf 90' lang='lat' dir='ltr'>iniquo</span> 
     </span>
     <span class='ocr_line' id='line_1_7' title="bbox 306 495 1231 548; baseline 0.001 -14"><span class='ocrx_word' id='word_1_45' title='bbox 306 496 433 535; x_wconf 87' lang='lat' dir='ltr'>Ullum</span> <span class='ocrx_word' id='word_1_46' title='bbox 466 496 512 535; x_wconf 91' lang='lat' dir='ltr'>de</span> <span class='ocrx_word' id='word_1_47' title='bbox 547 497 691 535; x_wconf 88' lang='lat' dir='ltr'>nostris</span> <span class='ocrx_word' id='word_1_48' title='bbox 722 495 837 535; x_wconf 88' lang='lat' dir='ltr'>dente</span> <span class='ocrx_word' id='word_1_49' title='bbox 869 497 1078 536; x_wconf 84' lang='lat' dir='ltr'>momordit</span> <span class='ocrx_word' id='word_1_50' title='bbox 1111 508 1231 548; x_wconf 90' lang='lat' dir='ltr'>opus.</span> 
     </span>
     <span class='ocr_line' id='line_1_8' title="bbox 220 554 1449 606; baseline 0 -13"><span class='ocrx_word' id='word_1_51' title='bbox 220 562 284 593; x_wconf 79' lang='lat'>125</span> <span class='ocrx_word' id='word_1_52' title='bbox 305 555 400 593; x_wconf 87' lang='lat' dir='ltr'>Nam</span> <span class='ocrx_word' id='word_1_53' title='bbox 434 554 596 593; x_wconf 89' lang='lat' dir='ltr'>tulerint</span> <span class='ocrx_word' id='word_1_54' title='bbox 627 566 786 604; x_wconf 87' lang='lat' dir='ltr'>magnos</span> <span class='ocrx_word' id='word_1_55' title='bbox 819 567 908 594; x_wconf 89' lang='lat' dir='ltr'>cum</span> <span class='ocrx_word' id='word_1_56' title='bbox 939 554 1092 594; x_wconf 85' lang='lat' dir='ltr'>saecula</span> <span class='ocrx_word' id='word_1_57' title='bbox 1124 560 1257 593; x_wconf 88' lang='lat' dir='ltr'>nostra</span> <span class='ocrx_word' id='word_1_58' title='bbox 1288 560 1449 606; x_wconf 85' lang='lat' dir='ltr'>poetas,</span> 
     </span>
     <span class='ocr_line' id='line_1_9' title="bbox 305 612 1161 664; baseline -0.001 -13"><span class='ocrx_word' id='word_1_59' title='bbox 305 613 391 651; x_wconf 90' lang='lat' dir='ltr'>Non</span> <span class='ocrx_word' id='word_1_60' title='bbox 424 613 497 651; x_wconf 88' lang='lat' dir='ltr'>fuit</span> <span class='ocrx_word' id='word_1_61' title='bbox 528 614 683 663; x_wconf 88' lang='lat' dir='ltr'>ingenio</span> <span class='ocrx_word' id='word_1_62' title='bbox 717 612 815 650; x_wconf 81' lang='lat' dir='ltr'>sama</span> <span class='ocrx_word' id='word_1_63' title='bbox 847 613 1012 663; x_wconf 80' lang='lat' dir='ltr'>maligna</span> <span class='ocrx_word' id='word_1_64' title='bbox 1044 625 1130 651; x_wconf 89' lang='lat' dir='ltr'>meo</span> <span class='ocrx_word' id='word_1_65' title='bbox 1150 644 1161 664; x_wconf 86' lang='lat'>,</span> 
     </span>
     <span class='ocr_line' id='line_1_10' title="bbox 306 670 1518 723; baseline -0.001 -13"><span class='ocrx_word' id='word_1_66' title='bbox 306 671 480 722; x_wconf 88' lang='lat' dir='ltr'>Cumque</span> <span class='ocrx_word' id='word_1_67' title='bbox 508 683 577 721; x_wconf 84' lang='lat' dir='ltr'>ego</span> <span class='ocrx_word' id='word_1_68' title='bbox 604 683 838 721; x_wconf 81' lang='lat' dir='ltr'>praeponam</span> <span class='ocrx_word' id='word_1_69' title='bbox 865 671 1008 709; x_wconf 87' lang='lat' dir='ltr'>multos</span> <span class='ocrx_word' id='word_1_70' title='bbox 1034 671 1151 723; x_wconf 78' lang='lat' dir='ltr'>mihi,</span> <span class='ocrx_word' id='word_1_71' title='bbox 1179 683 1257 709; x_wconf 90' lang='lat' dir='ltr'>non</span> <span class='ocrx_word' id='word_1_72' title='bbox 1285 672 1411 709; x_wconf 87' lang='lat' dir='ltr'>minor</span> <span class='ocrx_word' id='word_1_73' title='bbox 1442 670 1518 709; x_wconf 89' lang='lat' dir='ltr'>illis</span> 
     </span>
     <span class='ocr_line' id='line_1_11' title="bbox 305 728 1189 780; baseline -0.001 -12"><span class='ocrx_word' id='word_1_74' title='bbox 305 729 422 768; x_wconf 90' lang='lat' dir='ltr'>Dicor</span> <span class='ocrx_word' id='word_1_75' title='bbox 453 735 492 768; x_wconf 81' lang='lat' dir='ltr'>et</span> <span class='ocrx_word' id='word_1_76' title='bbox 523 730 561 767; x_wconf 90' lang='lat' dir='ltr'>in</span> <span class='ocrx_word' id='word_1_77' title='bbox 595 735 676 767; x_wconf 89' lang='lat' dir='ltr'>toto</span> <span class='ocrx_word' id='word_1_78' title='bbox 709 729 900 780; x_wconf 90' lang='lat' dir='ltr'>plurimus</span> <span class='ocrx_word' id='word_1_79' title='bbox 932 728 1027 767; x_wconf 92' lang='lat' dir='ltr'>orbe</span> <span class='ocrx_word' id='word_1_80' title='bbox 1058 728 1189 779; x_wconf 84' lang='lat' dir='ltr'>legor.</span> 
     </span>
     <span class='ocr_line' id='line_1_12' title="bbox 308 787 1297 838; baseline -0.001 -13"><span class='ocrx_word' id='word_1_81' title='bbox 308 787 443 838; x_wconf 88' lang='lat' dir='ltr'>Siquid</span> <span class='ocrx_word' id='word_1_82' title='bbox 475 787 619 826; x_wconf 88' lang='lat' dir='ltr'>habent</span> <span class='ocrx_word' id='word_1_83' title='bbox 649 789 770 837; x_wconf 84' lang='lat' dir='ltr'>igitur</span> <span class='ocrx_word' id='word_1_84' title='bbox 801 793 930 826; x_wconf 79' lang='lat' dir='ltr'>vatum</span> <span class='ocrx_word' id='word_1_85' title='bbox 962 788 1161 838; x_wconf 87' lang='lat' dir='ltr'>praesagia</span> <span class='ocrx_word' id='word_1_86' title='bbox 1193 787 1297 837; x_wconf 88' lang='lat' dir='ltr'>veri,</span> 
     </span>
     <span class='ocr_line' id='line_1_13' title="bbox 220 845 1320 897; baseline -0.002 -12"><span class='ocrx_word' id='word_1_87' title='bbox 220 854 285 885; x_wconf 92' lang='lat'>130</span> <span class='ocrx_word' id='word_1_88' title='bbox 306 845 490 884; x_wconf 81' lang='lat' dir='ltr'>Protinus</span> <span class='ocrx_word' id='word_1_89' title='bbox 522 851 566 884; x_wconf 88' lang='lat' dir='ltr'>ut</span> <span class='ocrx_word' id='word_1_90' title='bbox 597 847 768 897; x_wconf 81' lang='lat' dir='ltr'>moriar,</span> <span class='ocrx_word' id='word_1_91' title='bbox 801 858 878 884; x_wconf 89' lang='lat' dir='ltr'>non</span> <span class='ocrx_word' id='word_1_92' title='bbox 911 857 977 884; x_wconf 87' lang='lat' dir='ltr'>ero</span> <span class='ocrx_word' id='word_1_93' title='bbox 997 877 1008 897; x_wconf 87' lang='lat'>‚</span> <span class='ocrx_word' id='word_1_94' title='bbox 1039 850 1173 896; x_wconf 84' lang='lat' dir='ltr'>terra,</span> <span class='ocrx_word' id='word_1_95' title='bbox 1205 850 1320 883; x_wconf 86' lang='lat' dir='ltr'>tuus.</span> 
     </span>
     <span class='ocr_line' id='line_1_14' title="bbox 307 903 1438 955; baseline -0.002 -13"><span class='ocrx_word' id='word_1_96' title='bbox 307 903 395 942; x_wconf 85' lang='lat' dir='ltr'>Sive</span> <span class='ocrx_word' id='word_1_97' title='bbox 428 904 558 942; x_wconf 81' lang='lat' dir='ltr'>favore</span> <span class='ocrx_word' id='word_1_98' title='bbox 589 903 691 955; x_wconf 84' lang='lat' dir='ltr'>tuli,</span> <span class='ocrx_word' id='word_1_99' title='bbox 724 905 804 942; x_wconf 88' lang='lat' dir='ltr'>sive</span> <span class='ocrx_word' id='word_1_100' title='bbox 836 903 934 942; x_wconf 84' lang='lat' dir='ltr'>hanc</span> <span class='ocrx_word' id='word_1_101' title='bbox 968 915 1038 954; x_wconf 86' lang='lat' dir='ltr'>ego</span> <span class='ocrx_word' id='word_1_102' title='bbox 1071 905 1241 942; x_wconf 84' lang='lat' dir='ltr'>carmine</span> <span class='ocrx_word' id='word_1_103' title='bbox 1276 903 1438 954; x_wconf 85' lang='lat' dir='ltr'>famam,</span> 
     </span>
     <span class='ocr_line' id='line_1_15' title="bbox 306 961 1193 1014; baseline -0.001 -14"><span class='ocrx_word' id='word_1_104' title='bbox 306 962 394 1001; x_wconf 90' lang='lat' dir='ltr'>Iure</span> <span class='ocrx_word' id='word_1_105' title='bbox 427 961 498 1001; x_wconf 93' lang='lat' dir='ltr'>tibi</span> <span class='ocrx_word' id='word_1_106' title='bbox 529 968 688 1014; x_wconf 82' lang='lat' dir='ltr'>grates,</span> <span class='ocrx_word' id='word_1_107' title='bbox 721 962 882 1000; x_wconf 79' lang='lat' dir='ltr'>candide</span> <span class='ocrx_word' id='word_1_108' title='bbox 915 961 1067 1014; x_wconf 87' lang='lat' dir='ltr'>lector,</span> <span class='ocrx_word' id='word_1_109' title='bbox 1099 972 1193 1012; x_wconf 87' lang='lat' dir='ltr'>ago.</span> 
     </span>
    </p>
   </div>
   <div class='ocr_carea' id='block_1_3' title="bbox 604 1147 1106 1320">
    <p class='ocr_par' dir='ltr' id='par_1_3' title="bbox 604 1147 1106 1320">
     <span class='ocr_line' id='line_1_16' title="bbox 604 1147 1106 1203; baseline 0 -1"><span class='ocrx_word' id='word_1_110' title='bbox 604 1148 785 1202; x_wconf 87' lang='lat' dir='ltr'>LIBER</span> <span class='ocrx_word' id='word_1_111' title='bbox 824 1147 1106 1203; x_wconf 79' lang='lat' dir='ltr'><strong>QUINTUS.</strong></span> 
     </span>
     <span class='ocr_line' id='line_1_17' title="bbox 839 1274 874 1320; baseline 0 0"><span class='ocrx_word' id='word_1_112' title='bbox 839 1274 874 1320; x_wconf 90' lang='lat' dir='ltr'>I.</span> 
     </span>
    </p>
   </div>
   <div class='ocr_carea' id='block_1_4' title="bbox 248 1366 1480 2352">
    <p class='ocr_par' dir='ltr' id='par_1_4' title="bbox 308 1366 1480 1582">
     <span class='ocr_line' id='line_1_18' title="bbox 308 1366 1480 1420; baseline -0.001 -14"><span class='ocrx_word' id='word_1_113' title='bbox 308 1368 420 1407; x_wconf 89' lang='lat' dir='ltr'>Hunc</span> <span class='ocrx_word' id='word_1_114' title='bbox 452 1380 607 1419; x_wconf 91' lang='lat' dir='ltr'>quoque</span> <span class='ocrx_word' id='word_1_115' title='bbox 640 1368 687 1406; x_wconf 91' lang='lat' dir='ltr'>de</span> <span class='ocrx_word' id='word_1_116' title='bbox 719 1367 853 1407; x_wconf 90' lang='lat' dir='ltr'>Getico</span> <span class='ocrx_word' id='word_1_117' title='bbox 872 1399 883 1420; x_wconf 89' lang='lat'><em>‚</em></span> <span class='ocrx_word' id='word_1_118' title='bbox 915 1369 1040 1406; x_wconf 80' lang='lat' dir='ltr'>nostri</span> <span class='ocrx_word' id='word_1_119' title='bbox 1072 1367 1245 1406; x_wconf 88' lang='lat' dir='ltr'>studiose</span> <span class='ocrx_word' id='word_1_120' title='bbox 1266 1399 1276 1419; x_wconf 88' lang='lat'>‚</span> <span class='ocrx_word' id='word_1_121' title='bbox 1309 1366 1480 1406; x_wconf 88' lang='lat' dir='ltr'>libellum</span> 
     </span>
     <span class='ocr_line' id='line_1_19' title="bbox 308 1426 1194 1477; baseline -0.001 -12"><span class='ocrx_word' id='word_1_122' title='bbox 308 1427 439 1465; x_wconf 86' lang='lat' dir='ltr'>Litore</span> <span class='ocrx_word' id='word_1_123' title='bbox 472 1428 698 1477; x_wconf 85' lang='lat' dir='ltr'>praemissis</span> <span class='ocrx_word' id='word_1_124' title='bbox 731 1432 914 1477; x_wconf 88' lang='lat' dir='ltr'>quattuor</span> <span class='ocrx_word' id='word_1_125' title='bbox 947 1426 1042 1465; x_wconf 86' lang='lat' dir='ltr'>adde</span> <span class='ocrx_word' id='word_1_126' title='bbox 1075 1428 1194 1464; x_wconf 90' lang='lat' dir='ltr'>meis.</span> 
     </span>
     <span class='ocr_line' id='line_1_20' title="bbox 308 1484 1362 1536; baseline 0 -14"><span class='ocrx_word' id='word_1_127' title='bbox 308 1485 380 1523; x_wconf 90' lang='lat' dir='ltr'>Hic</span> <span class='ocrx_word' id='word_1_128' title='bbox 413 1497 568 1536; x_wconf 91' lang='lat' dir='ltr'>quoque</span> <span class='ocrx_word' id='word_1_129' title='bbox 602 1485 687 1523; x_wconf 82' lang='lat' dir='ltr'>talis</span> <span class='ocrx_word' id='word_1_130' title='bbox 720 1487 822 1536; x_wconf 85' lang='lat' dir='ltr'>erit,</span> <span class='ocrx_word' id='word_1_131' title='bbox 855 1484 978 1535; x_wconf 86' lang='lat' dir='ltr'>qualis</span> <span class='ocrx_word' id='word_1_132' title='bbox 1010 1484 1167 1522; x_wconf 84' lang='lat' dir='ltr'>fortuna</span> <span class='ocrx_word' id='word_1_133' title='bbox 1198 1490 1362 1536; x_wconf 86' lang='lat' dir='ltr'>poetae:</span> 
     </span>
     <span class='ocr_line' id='line_1_21' title="bbox 308 1541 1103 1582; baseline -0.001 -1"><span class='ocrx_word' id='word_1_134' title='bbox 308 1543 486 1582; x_wconf 85' lang='lat' dir='ltr'>Invenies</span> <span class='ocrx_word' id='word_1_135' title='bbox 518 1549 598 1581; x_wconf 89' lang='lat' dir='ltr'>toto</span> <span class='ocrx_word' id='word_1_136' title='bbox 632 1544 802 1581; x_wconf 89' lang='lat' dir='ltr'>carmine</span> <span class='ocrx_word' id='word_1_137' title='bbox 835 1542 948 1581; x_wconf 86' lang='lat' dir='ltr'>dulce</span> <span class='ocrx_word' id='word_1_138' title='bbox 981 1541 1103 1581; x_wconf 87' lang='lat' dir='ltr'>nihil.</span> 
     </span>
    </p>

    <p class='ocr_par' dir='ltr' id='par_1_5' title="bbox 269 1599 1441 1886">
     <span class='ocr_line' id='line_1_22' title="bbox 269 1599 1441 1653; baseline 0 -14"><span class='ocrx_word' id='word_1_139' title='bbox 269 1609 288 1639; x_wconf 88' lang='lat'>5</span> <span class='ocrx_word' id='word_1_140' title='bbox 310 1601 466 1639; x_wconf 90' lang='lat' dir='ltr'>Flebilis</span> <span class='ocrx_word' id='word_1_141' title='bbox 498 1607 542 1640; x_wconf 92' lang='lat' dir='ltr'>ut</span> <span class='ocrx_word' id='word_1_142' title='bbox 573 1606 706 1639; x_wconf 89' lang='lat' dir='ltr'>noster</span> <span class='ocrx_word' id='word_1_143' title='bbox 738 1606 862 1639; x_wconf 88' lang='lat' dir='ltr'>status</span> <span class='ocrx_word' id='word_1_144' title='bbox 895 1606 983 1652; x_wconf 83' lang='lat' dir='ltr'>est,</span> <span class='ocrx_word' id='word_1_145' title='bbox 1014 1602 1066 1639; x_wconf 86' lang='lat' dir='ltr'>ita</span> <span class='ocrx_word' id='word_1_146' title='bbox 1099 1599 1226 1639; x_wconf 86' lang='lat' dir='ltr'>ssebile</span> <span class='ocrx_word' id='word_1_147' title='bbox 1259 1612 1441 1653; x_wconf 83' lang='lat' dir='ltr'>carmen,</span> 
     </span>
     <span class='ocr_line' id='line_1_23' title="bbox 310 1659 1108 1710; baseline 0.001 -13"><span class='ocrx_word' id='word_1_148' title='bbox 310 1659 493 1698; x_wconf 85' lang='lat' dir='ltr'>Materiae</span> <span class='ocrx_word' id='word_1_149' title='bbox 525 1661 671 1710; x_wconf 87' lang='lat' dir='ltr'>scripto</span> <span class='ocrx_word' id='word_1_150' title='bbox 705 1660 960 1698; x_wconf 88' lang='lat' dir='ltr'>conveniente</span> <span class='ocrx_word' id='word_1_151' title='bbox 993 1670 1108 1698; x_wconf 88' lang='lat' dir='ltr'>suae.</span> 
     </span>
     <span class='ocr_line' id='line_1_24' title="bbox 310 1716 1244 1769; baseline -0.001 -13"><span class='ocrx_word' id='word_1_152' title='bbox 310 1718 465 1769; x_wconf 86' lang='lat' dir='ltr'>Integer</span> <span class='ocrx_word' id='word_1_153' title='bbox 498 1723 537 1756; x_wconf 90' lang='lat' dir='ltr'>et</span> <span class='ocrx_word' id='word_1_154' title='bbox 567 1717 692 1756; x_wconf 85' lang='lat' dir='ltr'>laetus</span> <span class='ocrx_word' id='word_1_155' title='bbox 723 1717 821 1756; x_wconf 88' lang='lat' dir='ltr'>laeta</span> <span class='ocrx_word' id='word_1_156' title='bbox 854 1723 893 1755; x_wconf 92' lang='lat' dir='ltr'>et</span> <span class='ocrx_word' id='word_1_157' title='bbox 923 1716 1113 1756; x_wconf 87' lang='lat' dir='ltr'>iuvenalia</span> <span class='ocrx_word' id='word_1_158' title='bbox 1145 1717 1244 1756; x_wconf 90' lang='lat' dir='ltr'>lusi:</span> 
     </span>
     <span class='ocr_line' id='line_1_25' title="bbox 313 1776 1229 1827; baseline 0 -13"><span class='ocrx_word' id='word_1_159' title='bbox 313 1776 378 1814; x_wconf 84' lang='lat' dir='ltr'>[lla</span> <span class='ocrx_word' id='word_1_160' title='bbox 410 1782 538 1814; x_wconf 88' lang='lat' dir='ltr'>tamen</span> <span class='ocrx_word' id='word_1_161' title='bbox 571 1787 675 1814; x_wconf 86' lang='lat' dir='ltr'>nunc</span> <span class='ocrx_word' id='word_1_162' title='bbox 708 1787 769 1814; x_wconf 92' lang='lat' dir='ltr'>me</span> <span class='ocrx_word' id='word_1_163' title='bbox 802 1777 1068 1827; x_wconf 87' lang='lat' dir='ltr'>composuisse</span> <span class='ocrx_word' id='word_1_164' title='bbox 1101 1776 1229 1826; x_wconf 88' lang='lat' dir='ltr'>piget.</span> 
     </span>
     <span class='ocr_line' id='line_1_26' title="bbox 310 1833 1276 1886; baseline 0 -14"><span class='ocrx_word' id='word_1_165' title='bbox 310 1834 360 1872; x_wconf 88' lang='lat' dir='ltr'>Ut</span> <span class='ocrx_word' id='word_1_166' title='bbox 391 1833 545 1886; x_wconf 82' lang='lat' dir='ltr'>cecidi,</span> <span class='ocrx_word' id='word_1_167' title='bbox 576 1833 694 1872; x_wconf 90' lang='lat' dir='ltr'>subiti</span> <span class='ocrx_word' id='word_1_168' title='bbox 725 1844 869 1885; x_wconf 84' lang='lat' dir='ltr'>perago</span> <span class='ocrx_word' id='word_1_169' title='bbox 901 1836 1108 1885; x_wconf 86' lang='lat' dir='ltr'>praeconia</span> <span class='ocrx_word' id='word_1_170' title='bbox 1140 1846 1276 1886; x_wconf 76' lang='lat' dir='ltr'>casus,</span> 
     </span>
    </p>

    <p class='ocr_par' dir='ltr' id='par_1_6' title="bbox 248 1892 1369 2177">
     <span class='ocr_line' id='line_1_27' title="bbox 248 1892 1197 1944; baseline -0.001 -12"><span class='ocrx_word' id='word_1_171' title='bbox 248 1901 290 1932; x_wconf 87' lang='lat'>10</span> <span class='ocrx_word' id='word_1_172' title='bbox 313 1893 485 1943; x_wconf 89' lang='lat' dir='ltr'>Sumque</span> <span class='ocrx_word' id='word_1_173' title='bbox 517 1894 736 1943; x_wconf 87' lang='lat' dir='ltr'>argumenti</span> <span class='ocrx_word' id='word_1_174' title='bbox 768 1892 948 1931; x_wconf 91' lang='lat' dir='ltr'>conditor</span> <span class='ocrx_word' id='word_1_175' title='bbox 979 1894 1063 1944; x_wconf 89' lang='lat' dir='ltr'>ipse</span> <span class='ocrx_word' id='word_1_176' title='bbox 1094 1894 1197 1931; x_wconf 90' lang='lat' dir='ltr'>mei.</span> 
     </span>
     <span class='ocr_line' id='line_1_28' title="bbox 312 1950 1238 2002; baseline 0 -13"><span class='ocrx_word' id='word_1_177' title='bbox 312 1950 439 2002; x_wconf 90' lang='lat' dir='ltr'>thue</span> <span class='ocrx_word' id='word_1_178' title='bbox 473 1952 603 1990; x_wconf 87' lang='lat' dir='ltr'>iacens</span> <span class='ocrx_word' id='word_1_179' title='bbox 636 1952 720 2001; x_wconf 87' lang='lat' dir='ltr'>ripa</span> <span class='ocrx_word' id='word_1_180' title='bbox 752 1950 896 1989; x_wconf 82' lang='lat' dir='ltr'>deflere</span> <span class='ocrx_word' id='word_1_181' title='bbox 929 1950 1127 2002; x_wconf 79' lang='lat' dir='ltr'>Caystrius</span> <span class='ocrx_word' id='word_1_182' title='bbox 1160 1950 1238 1989; x_wconf 88' lang='lat' dir='ltr'>ales</span> 
     </span>
     <span class='ocr_line' id='line_1_29' title="bbox 312 2008 1129 2059; baseline -0.001 -11"><span class='ocrx_word' id='word_1_183' title='bbox 312 2009 462 2048; x_wconf 88' lang='lat' dir='ltr'>Dicitur</span> <span class='ocrx_word' id='word_1_184' title='bbox 493 2021 559 2048; x_wconf 92' lang='lat' dir='ltr'>ore</span> <span class='ocrx_word' id='word_1_185' title='bbox 592 2020 702 2048; x_wconf 87' lang='lat' dir='ltr'>suam</span> <span class='ocrx_word' id='word_1_186' title='bbox 734 2008 939 2048; x_wconf 87' lang='lat' dir='ltr'>deficiente</span> <span class='ocrx_word' id='word_1_187' title='bbox 972 2020 1129 2059; x_wconf 86' lang='lat' dir='ltr'>necem,</span> 
     </span>
     <span class='ocr_line' id='line_1_30' title="bbox 314 2067 1369 2119; baseline -0.001 -13"><span class='ocrx_word' id='word_1_188' title='bbox 314 2068 377 2106; x_wconf 90' lang='lat' dir='ltr'>Sic</span> <span class='ocrx_word' id='word_1_189' title='bbox 410 2079 480 2118; x_wconf 86' lang='lat' dir='ltr'>ego</span> <span class='ocrx_word' id='word_1_190' title='bbox 501 2099 511 2119; x_wconf 91' lang='lat'><strong><em>,</em></strong></span> <span class='ocrx_word' id='word_1_191' title='bbox 544 2067 776 2106; x_wconf 87' lang='lat' dir='ltr'>Sarmaticas</span> <span class='ocrx_word' id='word_1_192' title='bbox 808 2067 922 2118; x_wconf 85' lang='lat' dir='ltr'>longe</span> <span class='ocrx_word' id='word_1_193' title='bbox 954 2069 1153 2118; x_wconf 87' lang='lat' dir='ltr'>proiectus</span> <span class='ocrx_word' id='word_1_194' title='bbox 1186 2069 1224 2105; x_wconf 90' lang='lat' dir='ltr'>in</span> <span class='ocrx_word' id='word_1_195' title='bbox 1258 2079 1369 2118; x_wconf 88' lang='lat' dir='ltr'>oras,</span> 
     </span>
     <span class='ocr_line' id='line_1_31' title="bbox 312 2125 1146 2177; baseline 0.001 -14"><span class='ocrx_word' id='word_1_196' title='bbox 312 2125 449 2164; x_wconf 82' lang='lat' dir='ltr'>Efficio</span> <span class='ocrx_word' id='word_1_197' title='bbox 469 2157 479 2177; x_wconf 90' lang='lat'>‚</span> <span class='ocrx_word' id='word_1_198' title='bbox 511 2127 671 2165; x_wconf 86' lang='lat' dir='ltr'>tacitum</span> <span class='ocrx_word' id='word_1_199' title='bbox 703 2137 751 2164; x_wconf 90' lang='lat' dir='ltr'>ne</span> <span class='ocrx_word' id='word_1_200' title='bbox 783 2125 879 2163; x_wconf 89' lang='lat' dir='ltr'>mihi</span> <span class='ocrx_word' id='word_1_201' title='bbox 911 2126 1028 2164; x_wconf 86' lang='lat' dir='ltr'>funus</span> <span class='ocrx_word' id='word_1_202' title='bbox 1062 2131 1146 2164; x_wconf 90' lang='lat' dir='ltr'>eat.</span> 
     </span>
    </p>

    <p class='ocr_par' dir='ltr' id='par_1_7' title="bbox 249 2183 1386 2352">
     <span class='ocr_line' id='line_1_32' title="bbox 249 2183 1294 2235; baseline 0 -13"><span class='ocrx_word' id='word_1_203' title='bbox 249 2193 290 2222; x_wconf 81' lang='lat'>15</span> <span class='ocrx_word' id='word_1_204' title='bbox 313 2184 476 2222; x_wconf 87' lang='lat' dir='ltr'>Delicias</span> <span class='ocrx_word' id='word_1_205' title='bbox 509 2185 632 2235; x_wconf 90' lang='lat' dir='ltr'>siquis</span> <span class='ocrx_word' id='word_1_206' title='bbox 663 2183 882 2235; x_wconf 87' lang='lat' dir='ltr'>lascivaque</span> <span class='ocrx_word' id='word_1_207' title='bbox 915 2185 1085 2222; x_wconf 85' lang='lat' dir='ltr'>carmina</span> <span class='ocrx_word' id='word_1_208' title='bbox 1119 2185 1294 2234; x_wconf 87' lang='lat' dir='ltr'>quaerit,</span> 
     </span>
     <span class='ocr_line' id='line_1_33' title="bbox 311 2240 1386 2294; baseline -0.001 -13"><span class='ocrx_word' id='word_1_209' title='bbox 311 2242 582 2281; x_wconf 85' lang='lat' dir='ltr'>Praemoneo:</span> <span class='ocrx_word' id='word_1_210' title='bbox 614 2254 691 2281; x_wconf 92' lang='lat' dir='ltr'>non</span> <span class='ocrx_word' id='word_1_211' title='bbox 723 2248 812 2294; x_wconf 80' lang='lat' dir='ltr'>est,</span> <span class='ocrx_word' id='word_1_212' title='bbox 844 2243 989 2293; x_wconf 85' lang='lat' dir='ltr'>scripta</span> <span class='ocrx_word' id='word_1_213' title='bbox 1022 2242 1124 2293; x_wconf 90' lang='lat' dir='ltr'>quod</span> <span class='ocrx_word' id='word_1_214' title='bbox 1156 2243 1230 2280; x_wconf 87' lang='lat' dir='ltr'>ista</span> <span class='ocrx_word' id='word_1_215' title='bbox 1261 2240 1386 2291; x_wconf 79' lang='lat' dir='ltr'>legat!</span> 
     </span>
     <span class='ocr_line' id='line_1_34' title="bbox 312 2300 1371 2352; baseline 0 -14"><span class='ocrx_word' id='word_1_216' title='bbox 312 2301 447 2352; x_wconf 83' lang='lat' dir='ltr'>Aptior</span> <span class='ocrx_word' id='word_1_217' title='bbox 480 2300 570 2339; x_wconf 89' lang='lat' dir='ltr'>huic</span> <span class='ocrx_word' id='word_1_218' title='bbox 603 2300 733 2339; x_wconf 89' lang='lat' dir='ltr'>Gallus</span> <span class='ocrx_word' id='word_1_219' title='bbox 764 2300 972 2351; x_wconf 88' lang='lat' dir='ltr'>blandique</span> <span class='ocrx_word' id='word_1_220' title='bbox 1006 2300 1235 2352; x_wconf 88' lang='lat' dir='ltr'>Propertius</span> <span class='ocrx_word' id='word_1_221' title='bbox 1269 2301 1371 2349; x_wconf 72' lang='lat' dir='ltr'>orie,</span> 
     </span>
    </p>
   </div>
  </div>
 </body>
</html>
