1575 2489
179 58 265 99 314
717 59 969 92 FASTORUM

352 167 548 217 Venerat,
580 168 781 217 impositos
814 166 1071 217 attuleratque
1104 167 1222 206 deos.

296 225 394 276 Hic,
426 224 495 262 ubi
527 236 629 262 nuno
662 224 782 262 Roma
814 230 899 274 est,
934 224 1039 262 orbis
1072 232 1215 276 caput,
1248 225 1364 263 arbor
1395 232 1434 264 et

1017 282 1159 321 herbae

354 339 403 378 Et
432 351 577 390 paucae
609 339 779 390 pecudes
813 345 850 378 et
882 351 967 378 casa
1000 352 1085 378 rara
1118 341 1212 379 fuit.

231 407 274 437 95
297 398 380 443 Quo
412 404 616 448 postquam
649 404 807 436 ventum
839 403 926 446 est,
959 395 1196 437 “consistite

1017 461 1139 494 mater

357 510 488 551 “Nam
520 513 629 552 locus
660 514 813 564 imperii
845 526 913 552 rus
946 515 1020 552 erit
1051 511 1192 553 istud''
1224 516 1297 553 ait.

296 571 344 609 Et
375 573 489 609 matri
521 577 560 610 et
592 573 665 609 vati
698 578 808 622 paret
838 571 1054 610 Nonacrius
1086 572 1226 624 heros,

355 629 475 679 Inque
507 631 711 680 peregrina
744 631 917 668 constitit
948 629 1089 680 hospes
1120 630 1260 669 humo.

294 687 491 738 Sacraque
523 688 643 726 multa
676 688 831 738 quidem
851 719 862 738 ,
894 687 961 726 sed
994 687 1115 726 Fauni
1146 690 1270 739 prima
1302 688 1472 727 bicornis

211 754 276 784 100
355 744 431 783 Has
464 746 595 784 docuit
626 752 761 796 gentes
793 745 1032 796 alipedisque
1064 746 1148 784 dei.

298 803 520 854 Semicaper
539 835 550 855 ,
582 804 721 842 coleris
755 805 966 854 cinctutis,
998 803 1127 842 Faune
1147 835 1157 851 ‚
1190 804 1400 857 Lupercis,

355 861 450 899 Cum
483 861 650 900 lustrant
681 861 855 900 celebres
887 862 1028 900 vellera
1061 869 1164 900 secta
1196 864 1298 902 vias.

295 920 343 957 At
374 925 414 958 tu
447 926 621 958 materno
654 919 804 958 donasti
836 922 991 958 nomine
1023 932 1220 971 mensem,

353 977 537 1016 Inventor
569 990 738 1029 curvae,
771 978 922 1016 furibus
955 983 1042 1028 apte
1062 1009 1071 1025 ‚
1104 979 1212 1016 fidis.

211 1043 274 1074 105
295 1035 374 1073 Nec
406 1037 530 1085 pietas
561 1036 656 1074 haec
687 1038 811 1086 prIma
844 1041 909 1074 tua
941 1041 1028 1074 est:
1073 1043 1232 1087 septena
1263 1039 1437 1088 putaris,

354 1093 552 1131 Pleiadum
584 1106 821 1145 numerum,
853 1094 914 1131 fila
947 1093 1100 1132 dedisse
1132 1092 1281 1144 lyrae.³

296 1151 398 1189 Haec
431 1163 586 1202 quoque
619 1152 817 1190 desierat:
861 1151 1011 1190 laudata
1044 1157 1104 1190 est
1135 1164 1226 1190 voce
1259 1164 1462 1194 sororum„

354 1208 454 1253 Quid
487 1210 623 1248 faciam
643 1207 664 1248 P
707 1209 842 1248 turbae
876 1222 964 1260 pars
995 1209 1112 1248 habet
1144 1212 1268 1249 omnis
1299 1211 1422 1250 idem.

296 1267 425 1306 Gratia
456 1266 654 1306 Pieridum
687 1267 798 1306 nobis
830 1267 1041 1318 aequaliter
1074 1269 1187 1319 assit,

210 1334 276 1364 110
354 1325 544 1376 Nullaque
577 1326 756 1364 laudetur
787 1326 921 1377 plusve
954 1328 1130 1365 minusve
1164 1326 1279 1365 mihi.

340 1417 374 1457 1.
409 1415 778 1467 [A-K·MAI-N³
803 1418 952 1468 LVDI]
1015 1417 1053 1458 2.
1089 1417 1182 1469 [BF
1201 1420 1345 1470 LVDI]

295 1499 352 1537 Ab
384 1499 472 1538 Iove
505 1507 638 1550 surgat
669 1512 795 1550 opus.
851 1502 975 1550 prima
1007 1500 1100 1538 mihi
1132 1507 1244 1540 nocte
1277 1501 1438 1541 videnda

355 1557 473 1596 Stella
506 1564 564 1596 est
595 1560 634 1595 in
668 1570 786 1596 cunas
819 1559 990 1596 officiosa
1022 1558 1145 1597 Iovis:

295 1615 475 1654 Nascitur
507 1615 663 1654 Oleniae
696 1618 849 1666 signum
879 1616 1044 1666 pluviale
1077 1616 1276 1670 Capellae3

353 1673 418 1711 Illa
451 1674 529 1712 dati
560 1674 707 1712 caelum
741 1676 909 1724 praemia
942 1674 1052 1713 lactis
1083 1674 1223 1715 habet.

212 1738 275 1769 115
295 1731 385 1770 Nais
419 1732 645 1783 Amalthea,
679 1731 838 1770 Cretaea
870 1732 1010 1770 nobilis
1042 1733 1129 1784 Ida,

355 1789 505 1828 Dicitur
536 1792 574 1828 in
608 1790 713 1828 silvis
745 1790 962 1828 occuluisse
996 1790 1146 1830 lovem.

296 1847 395 1886 Huic
427 1848 501 1886 fuit
532 1848 744 1886 haedorum
776 1854 900 1887 mater
932 1849 1100 1887 formosa
1132 1849 1320 1900 duorum,

354 1905 460 1944 Inter
491 1905 668 1945 Dictaeos
701 1907 974 1957 conspicienda
1007 1919 1168 1959 greges,

297 1963 488 2002 Cornibus
521 1966 635 2002 aeriis
668 1970 782 2015 atque
814 1967 854 2003 in
886 1977 954 2003 sua
987 1971 1094 2015 terga
1126 1967 1323 2018 recurvis3

211 2029 275 2060 120
356 2021 511 2073 Ubere,
544 2023 646 2073 quod
680 2024 809 2061 nutrix
841 2028 974 2074 posset
1005 2023 1147 2062 habere
1180 2024 1301 2063 Iovis.

298 2079 372 2118 Lao
405 2080 519 2119 dabat
551 2081 613 2119 illa
645 2081 716 2119 deo
737 2112 745 2120 .
803 2082 869 2120 sed
902 2082 1018 2131 fregit
1048 2083 1087 2119 in
1120 2081 1258 2120 arbore
1291 2095 1435 2134 cornu,

354 2136 588 2189 Truncaque
620 2139 777 2177 dimidia
809 2145 918 2190 parte
950 2140 1102 2177 decoris
1134 2147 1237 2179 erat.

299 2195 464 2235 Sustulit
495 2197 567 2236 hoc
599 2197 796 2249 nymphe,
829 2199 1025 2248 cinxitque
1057 2199 1282 2238 recentibus
1312 2198 1467 2250 herbis,

355 2253 404 2293 Et
433 2254 591 2305 plenum
622 2257 748 2306 pomis
780 2255 826 2294 ad
859 2255 958 2294 Iovis
991 2267 1057 2294 ora
1089 2256 1199 2296 tulit.

1217 395 1264 438 2⁹²
1301 401 1473 450 praescia
