1575 2489
550 118 577 151 1.
605 125 630 150 v
651 120 776 151 3-74,
1249 117 1332 158 133

173 225 368 265 Inmemor
401 226 550 275 antiqui
581 224 754 264 vulneris
786 236 891 264 arma
924 227 1051 277 capit.

115 284 177 323 Nil
210 283 283 322 sibi
315 295 405 322 cum
437 282 564 333 pelagi
595 283 690 322 dicit
722 283 806 322 fore
838 283 1049 334 naufragus
1082 283 1219 335 undis,

52 351 95 382 4ο
173 341 222 380 Et
253 341 360 380 ducit
390 352 519 379 remos
553 352 627 391 qua
659 341 773 379 modo
805 343 911 380 navit
942 354 1066 393 aqua.

116 400 180 439 Sic
212 412 281 451 ego
315 404 541 438 constanter
573 399 747 437 studium
779 411 857 438 non
889 400 983 439 utile
1016 412 1152 451 servo,

173 457 222 497 Et
253 463 388 509 repeto
407 488 418 509 ‚
450 457 592 495 nollem
625 469 721 508 quas
754 457 921 497 coluisse
953 458 1067 497 deas.

116 516 217 562 Quid
248 517 378 567 potius
411 516 547 554 faciam
568 513 589 553 P
620 527 698 554 non
731 527 817 554 sum
836 547 847 568 7
880 518 947 567 qui
978 517 1110 567 segnia
1142 515 1280 554 ducam

174 574 289 614 Otia.
339 586 444 612 mors
478 573 590 612 nobis
622 579 777 624 tempus
808 573 975 613 hahetur
1006 576 1136 613 iners.
1274 582 1330 614 (20)

53 640 95 671 45
115 632 195 671 Nec
226 634 332 671 iuvat
363 634 403 671 in
435 631 563 671 lucem
595 633 714 670 nimio
741 644 986 671 marcescere
1018 634 1130 671 vino:

173 690 253 729 Nec
286 696 394 729 tenet
424 693 594 729 incertas
627 691 708 729 alea
739 690 878 729 blanda
910 702 1070 729 manus.

114 748 210 788 Cum
237 749 416 788 dedimus
449 761 583 788 somno
618 761 713 800 quas
746 761 888 800 corpus
920 748 1092 799 postulat
1122 748 1260 800 horas,

175 805 259 852 Quo
291 819 432 858 ponam
465 807 626 858 vigilans
659 813 833 858 tempora
864 807 977 858 longa
1009 804 1158 845 modo?

113 865 232 904 Moris
264 878 312 904 an
345 865 487 905 oblitus
518 867 635 916 patrii
667 865 903 904 contendere
936 865 1083 903 discam

50 932 94 963 50
175 924 408 963 Sarmaticos
441 936 554 962 arcus
573 954 584 971 ‚
616 928 655 962 et
685 923 817 962 trahar
850 928 932 962 arte
964 921 1073 961 loci?

113 982 195 1022 Hoc
229 995 383 1033 quoque
416 994 477 1020 me
509 982 682 1020 studium
719 981 928 1032 prohibent
967 981 1171 1020 adsumere
1204 982 1330 1032 vires,

171 1041 359 1092 Mensque
391 1041 513 1091 magis
545 1040 680 1090 gracili
712 1052 875 1090 corpore
908 1045 1041 1078 nostra
1072 1039 1194 1078 valet.

113 1099 210 1138 Cum
236 1099 334 1137 bene
362 1099 577 1149 quaesieris
595 1129 606 1150 ,
639 1098 732 1149 quid
759 1110 891 1150 agam,
918 1099 1039 1149 magis
1072 1098 1165 1136 utile
1192 1097 1245 1136 nil
1273 1102 1332 1136 est

173 1157 333 1196 Artibus
364 1157 425 1195 his
444 1189 455 1209 ‚
487 1169 584 1207 quae
617 1156 672 1195 nil
703 1156 882 1195 utilitatis
914 1156 1079 1195 habent.

52 1222 94 1254 55
115 1216 343 1267 Consequor
376 1227 423 1254 ex
453 1215 530 1254 illis
563 1227 676 1253 casus
709 1214 848 1253 oblivia
880 1216 1028 1253 nostri:

174 1274 281 1312 Hanc
313 1285 482 1312 messem
515 1275 609 1312 satis
642 1278 701 1311 est
732 1274 765 1312 si
797 1285 881 1312 mea
913 1272 1042 1311 reddit
1072 1272 1237 1311 humus.

115 1332 244 1371 Gloria
276 1344 342 1371 vos
376 1338 511 1383 acuat3
544 1343 610 1370 vos
629 1363 639 1383 ‚
672 1336 716 1370 ut
747 1333 908 1370 recitata
940 1330 1156 1382 probentur

175 1390 352 1429 Carmina
372 1422 383 1442 ,
414 1390 554 1429 Pieriis
585 1389 782 1440 invigilate
815 1390 967 1428 choris.

117 1449 229 1495 Quod
261 1450 366 1487 venit
398 1460 445 1486 ex
476 1448 608 1499 facili,
641 1450 733 1486 satis
766 1453 826 1486 est
858 1460 1092 1498 componere
1125 1447 1261 1499 nobis,

52 1515 95 1546 60
173 1507 223 1546 Et
253 1508 369 1545 nimis
400 1508 543 1545 intenti
575 1518 690 1544 causa
721 1505 863 1544 laboris
896 1505 1026 1544 abest.

116 1565 195 1605 Cur
228 1577 298 1615 ego
331 1564 494 1603 sollicita
526 1564 667 1615 poliam
701 1576 786 1603 mea
818 1565 989 1602 carmina
1022 1561 1149 1602 cura?

175 1624 231 1662 An
266 1635 430 1674 verear,
462 1635 510 1661 ne
544 1635 620 1661 non
652 1622 842 1674 approbet
872 1622 936 1661 illa
969 1620 1122 1660 Getes?

115 1682 293 1721 Forsitan
327 1681 511 1720 audacter
543 1681 708 1733 faciam,
742 1680 809 1719 sed
842 1681 987 1732 glorior
1019 1680 1196 1719 Histrum

174 1740 333 1791 Ingenio
366 1739 517 1779 nullum
548 1741 673 1778 maius
706 1739 850 1778 habere
882 1751 992 1778 men.

55 1806 97 1838 65
118 1798 222 1851 Hoc,
249 1798 317 1837 ubi
342 1798 549 1837 vivendum
576 1803 658 1850 est,
684 1799 777 1837 satis
803 1803 886 1850 est,
915 1799 949 1836 si
975 1809 1195 1848 consequor
1222 1807 1332 1846 arvo,

175 1857 279 1896 Inter
310 1856 543 1895 inhumanos
576 1868 661 1895 esse
693 1861 807 1907 poeta
839 1856 977 1895 Getas.

117 1915 201 1961 Quo
227 1915 351 1966 mihi,
384 1915 580 1954 diversum
605 1915 705 1954 fama
731 1915 969 1953 contendere
1000 1916 1040 1953 in
1067 1910 1236 1952 orbem?
1277 1920 1333 1952 (21)

176 1973 299 2019 Quem
332 1974 488 2012 fortuna
520 1973 654 2025 dedit,
686 1973 807 2011 Roma
840 1975 890 2011 sit
922 1973 986 2011 ille
1018 1972 1151 2010 locus.

118 2030 198 2070 Hoc
230 2043 314 2070 mea
346 2037 528 2070 contenta
561 2037 620 2070 est
651 2031 784 2070 infelix
817 2031 926 2070 Musa
958 2030 1133 2069 theatro:

55 2097 97 2128 70
177 2089 241 2128 Sic
271 2092 427 2141 merui,
459 2091 589 2140 magni
621 2091 676 2128 sic
707 2090 866 2128 voluere
899 2090 984 2128 dei.

118 2147 197 2186 Nec
230 2159 319 2186 reor
350 2148 440 2187 hinc
472 2150 574 2187 istuc
605 2150 751 2187 nostris
783 2150 859 2187 iter
891 2160 977 2186 esse
1009 2146 1173 2198 libellis,

176 2205 261 2251 Quo
293 2205 431 2245 boreas
463 2208 581 2258 pinna
614 2207 818 2245 deficiente
851 2207 978 2244 venit.

116 2263 332 2302 Dividimur
366 2265 494 2317 caelo;
528 2277 705 2316 quaeque
739 2269 798 2303 est
829 2264 968 2314 procul
1000 2263 1096 2302 urbe
1129 2262 1304 2310 Quirini,

175 2322 325 2374 Aspicit
355 2322 529 2362 hirsutos
562 2325 780 2362 comminus
812 2322 910 2361 Ursa
942 2323 1080 2362 GetaS.
