1575 2489
145 134 230 174 214
683 132 934 165 FAsTORUM

262 241 373 286 Quod
405 242 498 279 satis
530 247 618 290 est,
649 246 762 278 utero
794 242 929 278 matris
963 240 1058 278 dum
1092 241 1257 291 prodeat
1288 241 1438 290 infans,

320 299 402 337 Hoc
433 310 533 336 anno
566 299 700 336 statuit
730 300 917 348 temporis
949 310 1034 336 esse
1067 300 1182 336 satis.

198 365 242 396 35
262 357 336 395 Per
368 356 528 394 totidem
561 367 715 393 menses
746 368 767 394 a
798 357 935 394 funere
968 357 1143 406 coniugis
1175 367 1272 393 uxor

323 414 497 452 Sustinet
527 415 567 451 in
598 413 713 451 vidua
743 414 870 451 tristia
901 415 1009 463 signa
1041 413 1178 452 domo.

263 472 365 510 Haec
395 473 514 522 igitur
545 471 640 509 vidit
670 471 835 509 trabeati
866 483 959 509 cura
991 471 1167 522 Quirini,

322 529 419 568 Cum
451 528 614 567 rudibus
646 528 799 579 populis
832 541 958 567 annua
988 530 1073 567 iura
1105 529 1237 569 daret.

262 588 395 626 Martis
427 593 511 625 erat
541 588 691 637 primus
723 588 897 637 mensis,
928 586 1167 638 Venerisque
1199 586 1418 625 secundus:

199 654 244 685 40
322 645 424 683 Haec
455 646 610 695 generis
642 646 848 696 princeps,
879 645 1003 695 ipsius
1033 645 1095 683 ille
1127 650 1262 695 pater:

264 704 420 742 Tertius
452 715 473 741 a
505 703 662 741 senibus
681 733 692 754 ,
723 704 907 741 iuvenum
939 702 986 740 de
1017 704 1172 740 nomine
1206 709 1391 754 quartus,

323 762 428 806 Quae
462 763 639 811 sequitur
657 793 667 812 ,
699 773 862 799 numero
894 759 1009 798 turba
1040 766 1170 799 notata
1201 761 1298 799 fuit.

264 821 312 858 At
343 819 467 858 Numa
497 831 570 857 nec
602 819 736 857 Ianum
767 831 840 857 nec
872 820 990 856 avitas
1021 820 1208 869 praeterit
1239 817 1419 868 umbras,

321 877 519 916 Mensibus
551 878 720 927 antiquis
752 878 1055 927 praeposuitque
1088 876 1211 914 duos.

200 944 244 975 45
264 935 319 974 Ne
352 942 480 974 tamen
511 937 668 985 ignores
699 937 894 973 variorum
925 936 1010 973 iura
1042 934 1217 986 dierum,

321 993 406 1031 Non
438 993 554 1031 habet
586 993 703 1031 officii
734 993 873 1031 lucifer
906 994 1031 1030 omnis
1062 992 1188 1030 idem.

262 1051 328 1089 Ille
361 1051 534 1089 nefastus
567 1052 670 1101 erit,
700 1063 771 1101 per
803 1063 918 1100 quem
949 1052 1023 1088 tria
1054 1050 1170 1088 verba
1203 1050 1387 1088 silentur:

321 1109 460 1147 Fastus
492 1110 594 1159 erit,
625 1120 696 1158 per
729 1120 844 1158 quem
875 1108 958 1158 lege
989 1107 1122 1146 licebit
1153 1110 1235 1158 agi.

263 1167 343 1205 Nec
375 1173 455 1205 toto
488 1172 663 1216 perstare
696 1166 757 1204 die
789 1178 858 1204 sua
890 1168 974 1204 iura
1006 1167 1178 1216 putaris:

200 1234 243 1264 50
323 1225 398 1270 Qui
429 1226 505 1262 iam
536 1225 658 1262 fastus
690 1226 794 1274 erit,
825 1236 936 1262 mane
969 1225 1142 1262 nefastus
1175 1230 1279 1262 erat.

264 1283 360 1321 Nam
393 1282 508 1320 simul
539 1288 627 1320 exta
658 1282 730 1320 deo
763 1282 849 1320 data
882 1288 1000 1333 sunt,
1032 1282 1124 1320 licet
1154 1284 1283 1320 omnia
1314 1283 1408 1333 fari,

321 1340 524 1391 Verbaque
556 1340 769 1378 honoratus
801 1340 922 1378 libera
952 1347 1108 1390 praetor
1140 1340 1279 1379 habet.

264 1399 334 1437 Est
365 1411 521 1449 quoque
539 1429 550 1450 ,
583 1410 659 1449 quo
685 1398 872 1449 populum
904 1399 965 1436 ius
995 1403 1055 1436 est
1085 1398 1284 1436 includere
1312 1400 1476 1449 saeptis:

321 1457 392 1495 Est
424 1469 579 1507 quoque
598 1487 608 1507 ,
642 1458 708 1507 qui
739 1468 841 1494 nono
875 1468 1028 1506 semper
1059 1455 1105 1493 ab
1138 1456 1231 1494 orbe
1263 1456 1387 1494 redit.

202 1524 245 1554 55
265 1515 441 1553 Vindicat
472 1516 662 1552 Ausonias
694 1514 853 1552 Iunonis
885 1526 978 1552 cura
1010 1513 1222 1565 Kalendas,

322 1572 454 1611 Idibus
487 1572 571 1610 alba
602 1571 682 1609 Iovi
713 1572 895 1622 grandior
927 1584 1023 1621 agna
1055 1572 1178 1622 cadit3

264 1631 462 1669 Nonarum
494 1629 614 1668 tutela
646 1629 718 1668 deo
751 1636 884 1668 caret.
941 1629 1122 1667 omnibus
1153 1631 1238 1667 istis
1269 1651 1316 1658 -

322 1688 378 1726 Ne
410 1688 542 1726 fallare
575 1700 666 1726 cave
698 1709 743 1714 —
772 1689 973 1739 proximus
1006 1694 1088 1725 ater
1120 1689 1215 1725 erit.

266 1746 389 1785 Omen
421 1745 467 1784 ab
500 1752 640 1784 eventu
673 1752 761 1784 est:
804 1746 879 1783 illis
911 1757 999 1783 nam
1030 1745 1151 1783 Roma
1183 1745 1320 1784 diebus

202 1813 246 1844 60
325 1804 469 1842 Damna
501 1803 573 1842 sub
606 1815 740 1841 averso
772 1805 898 1842 tristia
929 1803 1051 1841 Marte
1083 1803 1195 1841 tulit.

264 1862 368 1900 Haec
400 1861 493 1899 mihi
525 1861 627 1899 dicta
659 1861 807 1913 semel,
839 1863 930 1899 totis
962 1861 1160 1899 haerentia
1192 1862 1323 1912 fastis,

323 1919 379 1958 Ne
412 1921 554 1958 seriem
585 1931 719 1958 rerum
751 1919 929 1958 scindere
962 1931 1106 1970 cogar,
1139 1927 1276 1957 erunt.

612 2012 646 2051 1.
696 2009 1019 2051 A·K·IAN·F

265 2093 367 2132 Ecce
399 2093 471 2132 tibi
502 2095 702 2144 faustum,
735 2093 963 2131 Germanice
983 2125 993 2144 ,
1025 2095 1177 2132 nuntiat
1209 2105 1375 2145 annum,

324 2152 447 2202 Inque
479 2164 565 2190 meo
597 2153 747 2203 primus
781 2152 950 2189 carmine
982 2151 1097 2189 Ianus
1129 2151 1259 2190 adest.

204 2218 246 2248 65
266 2209 355 2247 Iane
388 2210 550 2261 biceps,
582 2211 673 2248 anni
704 2211 818 2247 tacite
851 2208 1015 2247 labentis
1047 2211 1179 2260 origo,

326 2267 439 2305 Solus
472 2268 519 2306 de
552 2269 704 2318 superis
737 2269 803 2318 qui
834 2274 900 2305 tua
931 2274 1037 2318 terga
1069 2268 1197 2317 vides,

266 2325 409 2364 Dexter
441 2325 532 2363 ades
564 2325 758 2373 ducibus,
792 2337 958 2376 quorum
989 2338 1125 2364 secura
1158 2326 1287 2363 labore
