1575 2489
527 65 568 100 V.
594 73 672 98 xm
691 67 832 99 4—XIv
853 68 907 98 39,
1301 64 1380 105 101

175 173 233 212 Tu
264 178 392 212 tamen
424 173 578 222 ingenio
611 172 712 211 clara
742 173 869 212 ferere
902 184 1012 224 me03

134 239 155 270 5
175 231 352 282 Dumque
385 230 519 282 legar,
550 232 697 281 pariter
727 242 880 270 mecum
912 236 979 269 tua
1010 230 1109 268 fama
1139 230 1313 281 legetur,

174 289 254 327 Nec
286 294 396 339 potes
428 290 468 326 in
500 294 668 328 maestos
700 290 825 327 omnis
857 288 963 327 abire
995 300 1133 340 rogos;

176 346 350 397 Cumque
382 347 454 384 viri
487 357 579 385 casu
610 348 737 397 possis
768 346 987 385 miseranda
1017 346 1163 398 videri,

175 404 352 443 Invenies
383 403 531 454 aliquas
550 435 560 455 ‚
593 416 691 455 quae
710 436 721 456 ‚
754 405 856 455 quod
889 417 960 456 es,
992 416 1077 443 esse
1109 404 1250 451 velint,

177 462 283 508 Quae
315 468 353 501 te
373 494 383 513 ,
415 468 639 501 nostrorum
672 474 760 501 cum
793 464 847 501 sis
877 464 917 501 in
949 467 1059 514 parte
1090 462 1303 513 malorum,

114 528 157 560 10
177 520 346 559 Felicem
378 520 506 559 dicant
538 520 811 571 invideantque
843 520 936 560 tibi.

175 577 260 617 Non
293 590 364 629 ego
397 578 548 617 divitias
581 578 705 617 dando
738 578 808 617 tibi
839 578 951 629 plura
982 578 1198 617 dedissem:

176 636 238 675 Nil
269 637 370 675 seret
401 636 447 674 ad
480 648 612 675 manes
645 636 773 675 divitis
805 636 942 675 umbra
974 647 1088 674 suos.

175 694 361 746 Perpetui
393 695 564 733 fructum
596 694 733 733 donavi
765 696 932 733 nominis
964 694 1104 746 idque,

176 753 260 798 Quo
294 753 385 791 dare
417 753 471 791 nil
502 754 612 804 potui
644 765 805 791 munere
838 754 962 791 maius
981 784 991 804 ,
1022 752 1164 790 habes.

113 817 154 849 15
175 810 281 849 Adde
300 841 311 863 ⁷
344 811 446 862 quod
465 841 476 862 ,
509 815 552 849 ut
583 822 716 849 rerum
746 810 828 850 sola
859 822 901 849 es
932 810 1053 849 tutela
1085 822 1281 863 mearum,

175 869 233 907 Ad
265 875 302 907 te
335 881 412 907 non
444 869 552 919 parvi
582 870 687 907 venit
718 868 877 907 honoris
910 880 1031 920 onus,

178 927 289 972 Quod
322 938 534 976 numquam
566 938 637 964 vox
671 932 729 964 est
761 926 807 964 de
839 931 878 965 te
910 938 996 965 mea
1027 931 1134 965 muta
1165 927 1300 977 tuique

177 984 334 1023 Iudiciis
366 984 484 1023 debes
518 995 604 1023 esse
636 983 804 1035 superba
835 985 930 1023 viri.

177 1043 283 1088 Quae
316 1055 364 1080 ne
397 1044 484 1093 quis
516 1043 640 1093 possit
670 1043 877 1081 temeraria
908 1042 1038 1081 dicere
1057 1072 1068 1093 ‚
1099 1048 1254 1094 persta,

113 1108 157 1140 20
177 1100 226 1139 Et
258 1102 404 1151 pariter
436 1112 546 1138 serva
578 1112 717 1151 meque
749 1101 930 1151 piamque
962 1099 1100 1139 fidem!

176 1158 272 1197 Nam
305 1164 399 1210 tua,
431 1158 523 1196 dum
550 1160 730 1197 stetimus
749 1189 760 1209 ‚
791 1160 897 1209 turpi
930 1160 1012 1197 sine
1051 1159 1213 1197 crimine
1249 1159 1389 1197 mansit

177 1216 226 1254 Et
257 1221 407 1255 tantum
438 1215 611 1266 probitas
642 1216 923 1266 inreprehensa
954 1216 1049 1255 fuit.

177 1275 276 1312 Area
309 1273 355 1312 de
387 1280 520 1312 nostra
551 1286 655 1312 nunc
687 1280 746 1312 est
778 1273 849 1312 tibi
880 1274 980 1313 facta
1010 1275 1145 1326 ruina3

178 1331 442 1383 Conspicuum
476 1333 599 1370 virtus
631 1331 693 1370 hic
725 1337 789 1370 tua
821 1337 940 1383 ponat
970 1330 1091 1382 opus!

114 1397 157 1429 25
179 1389 275 1428 Esse
308 1389 449 1428 bonam
481 1389 591 1427 facile
625 1394 713 1441 est,
747 1389 843 1441 ubi,
877 1390 979 1440 quod
1011 1394 1116 1428 vetet
1147 1401 1262 1441 esse,

900 1453 1094 1486 remotum
1126 1452 1209 1500 est,

177 1505 226 1545 Et
257 1505 353 1544 nihil
386 1505 513 1544 officio
546 1510 666 1556 nupta
700 1505 802 1556 quod
835 1504 964 1544 obstet
994 1505 1133 1544 habet:

178 1564 274 1603 Cum
307 1564 403 1602 deus
435 1564 634 1614 intonuit,
666 1575 744 1601 non
776 1574 817 1601 se
850 1562 1070 1602 subducere
1102 1562 1254 1615 nimbo,

177 1621 220 1660 Id
252 1622 408 1660 demum
441 1627 500 1660 est
531 1623 653 1672 pietas
672 1652 684 1673 ‚
714 1620 752 1659 id
786 1620 939 1660 socialis
971 1633 1101 1660 amor.

177 1679 277 1718 Rara
310 1679 468 1730 quidem
499 1681 622 1717 virtus
641 1710 652 1730 ‚
688 1691 803 1730 quam
835 1691 912 1717 non
944 1679 1117 1718 Fortuna
1148 1678 1362 1732 gubernet,

113 1746 157 1778 30
179 1737 285 1783 Quae
317 1742 470 1776 maneat
502 1736 658 1788 stabili,
690 1749 778 1775 eum
811 1737 911 1788 fugit
941 1737 1004 1775 illa
1023 1768 1034 1789 ‚
1065 1737 1186 1788 pede.

179 1795 298 1846 Siqua
329 1801 458 1834 tamen
489 1792 519 1845 †
550 1796 720 1845 pretium
752 1794 826 1833 sibi
857 1807 1008 1834 merces
1040 1796 1124 1846 ipsa
1155 1797 1343 1847 petitum,

176 1853 298 1904 Inque
330 1865 467 1904 parum
499 1853 609 1891 laetis
641 1852 761 1891 ardua
792 1852 911 1892 rebus
943 1853 1075 1904 adest,

176 1911 226 1950 Ut
259 1917 411 1962 tempus
442 1922 655 1959 numeres,
686 1922 757 1962 per
790 1911 943 1950 saecula
974 1911 1078 1949 nulla
1110 1916 1284 1963 tacetur,

175 1968 225 2008 Et
255 1968 339 2008 loca
370 1970 592 2021 mirantur,
623 1980 698 2020 qua
729 1973 836 2020 patet
867 1968 974 2007 orbis
1005 1970 1104 2008 iter.

113 2035 156 2068 35
177 2027 358 2079 Aspicis,
390 2032 434 2066 ut
464 2026 579 2078 longo
611 2032 741 2066 teneat
772 2026 974 2066 laudabilis
1006 2038 1098 2065 aevo

175 2084 326 2124 Nomen
356 2086 617 2124 inextinctum
648 2084 865 2136 Penelopea
897 2082 1029 2123 fides?

177 2142 314 2182 Cernis
334 2174 345 2195 ,
376 2148 419 2182 ut
450 2143 603 2182 Admeti
636 2147 815 2182 cantetur
847 2148 886 2182 et
917 2142 1099 2181 Hectoris
1129 2153 1229 2182 uxor

175 2201 357 2252 Ansaque
389 2202 429 2239 in
461 2212 645 2240 accensos
676 2200 805 2252 Iphias
836 2202 894 2239 ire
926 2212 1066 2252 rogos;

174 2258 225 2298 Ut
256 2260 357 2298 vivat
388 2259 488 2298 fama
519 2260 690 2299 coniunx
722 2258 924 2310 Phylaceia
943 2290 955 2311 ,
987 2259 1099 2298 cuius
