1575 2489
628 81 673 113 11.
701 83 824 114 5—72.
1305 80 1390 121 235

114 195 158 225 40
237 186 360 225 Caede
394 198 464 236 per
494 186 726 226 Haemonias
758 187 870 226 solvit
901 187 1063 226 Acastus
1095 199 1235 238 aquas.

177 244 334 282 Vectam
366 244 526 282 frenatis
558 257 628 295 per
660 247 773 283 inane
807 245 1040 283 draconibus
1072 245 1226 296 Aegeus

236 301 427 340 Credulus
458 303 638 340 inmerita
669 302 833 341 Phasida
864 304 962 342 iuvit
993 315 1089 354 ope.

177 359 490 410 Amphiareiades
522 360 745 411 Naupactoo
777 360 946 400 Acheloo

236 414 369 456 ‘Solve
401 414 530 456 nefas'
563 418 688 470 dixit,
721 418 833 457 solvit
865 424 904 457 et
934 418 997 457 ille
1029 419 1161 457 nefas.

113 483 156 513 45
175 474 228 513 A!
269 476 433 514 nimium
464 475 595 514 faciles
615 508 625 527 ‚
658 478 724 527 qui
756 478 881 515 tristia
914 477 1076 515 crimina
1108 476 1236 515 caedis

234 532 435 571 Fluminea
466 534 549 572 tolli
580 546 694 584 posse
725 536 871 585 putatis
903 533 1024 585 aqua!

177 590 252 629 Sed
284 597 414 630 tamen
446 613 489 618 —
522 594 671 643 antiqui
702 605 749 631 ne
782 594 939 631 nescius
971 592 1119 631 ordinis
1151 603 1260 630 erres
1291 611 1335 619 --

233 648 416 701 Primus,
448 657 492 688 ut
524 656 611 701 est,
644 649 725 689 Iani
755 653 900 689 mensis
933 656 972 689 et
1002 656 1090 688 ante
1123 650 1219 688 fuit.

175 707 250 752 Qui
281 709 460 758 sequitur
491 707 625 746 Ianum
643 739 654 759 ‚
687 710 829 747 veteris
862 709 935 747 fuit
966 707 1126 747 ultimus
1158 709 1272 746 anni:

113 772 156 802 50
235 764 294 803 Tu
327 777 482 816 quoque
516 778 717 804 sacrorum
736 797 746 817 ,
778 765 990 817 Termine,
1023 766 1111 803 finis
1144 776 1253 803 eras.

175 822 328 861 Primus
360 825 462 862 enim
493 823 575 862 Iani
606 825 778 874 mensis,
813 825 903 874 quia
934 825 1046 861 ianua
1077 824 1203 873 prima
1233 827 1316 861 est:

233 880 309 925 Qui
341 893 450 919 sacer
483 887 543 920 est
574 882 662 919 imis
694 880 903 932 manibus,
934 882 1035 919 imus
1068 886 1177 919 erat.

172 938 381 977 Postmodo
413 939 629 977 creduntur
661 940 784 990 spatio
816 938 998 977 distantia
1029 938 1144 990 longo

231 995 423 1047 Tempora
454 996 513 1035 bis
546 998 655 1047 quini
686 998 933 1035 continuasse
966 998 1060 1036 viri.

514 1112 550 1151 1.
581 1109 933 1151 H·K·FEB-N

112 1213 154 1243 55
176 1205 371 1255 Principio
405 1206 550 1243 mensis
581 1204 770 1255 Phrygiae
803 1206 1045 1243 contermina
1076 1203 1189 1243 Matri

234 1263 386 1313 Sospita
419 1262 592 1301 delubris
625 1263 768 1301 dicitur
800 1268 912 1301 aucta
944 1264 1075 1301 novis.

175 1318 307 1359 eNunc
340 1320 406 1359 ubi
439 1326 530 1359 sunt
547 1351 558 1371 ‚
590 1320 666 1358 illis
698 1332 796 1371 quae
829 1326 921 1359 sunt
952 1325 1102 1359 sacrata
1133 1319 1316 1360 Kalendis

231 1378 390 1430 Templa
421 1378 514 1417 deae
534 1375 575 1417 P'
608 1378 720 1429 longa
751 1377 999 1429 procubuere
1031 1378 1116 1418 die.

174 1437 310 1476 Cetera
341 1449 389 1475 ne
422 1436 540 1474 simili
571 1436 755 1474 caderent
785 1436 973 1474 labefacta
1004 1438 1137 1488 ruina,

110 1504 153 1534 60
231 1495 338 1533 Cavit
369 1496 510 1533 sacrati
540 1494 700 1544 provida
732 1506 825 1532 cura
857 1494 994 1545 ducis,

175 1552 255 1591 Sub
288 1565 364 1603 quo
397 1552 570 1591 delubris
603 1553 771 1591 sentitur
803 1551 908 1590 nulla
940 1557 1145 1603 senectus3

230 1610 310 1649 Nec
343 1612 434 1649 satis
467 1616 526 1649 est
557 1610 733 1648 homines
753 1641 764 1661 ,
796 1609 938 1659 obligat
968 1609 1031 1648 ille
1063 1609 1180 1649 deos.

172 1668 421 1719 Templorum
454 1670 623 1719 positor,
656 1667 891 1718 templorum
924 1673 1056 1706 sancte
1087 1673 1291 1719 repostor,

232 1726 290 1765 Sit
321 1728 502 1778 superis,
535 1731 625 1776 opto
645 1757 656 1778 ,
687 1731 823 1765 mutua
854 1737 948 1764 cura
979 1727 1059 1765 tui.

110 1793 152 1824 65
174 1784 272 1823 Dent
302 1784 372 1823 tibi
404 1783 621 1835 caelestes,
653 1796 751 1834 quos
782 1789 825 1822 tu
858 1783 1120 1835 caelestibus,
1152 1795 1297 1835 annos,

231 1842 385 1893 Proque
417 1847 484 1880 tua
516 1847 695 1880 maneant
725 1843 766 1880 in
797 1844 963 1880 statione
995 1841 1131 1880 domo.

173 1900 282 1939 Tunc
314 1912 468 1951 quoque
500 1901 617 1938 vicini
648 1899 759 1938 lucus
792 1899 1012 1938 celebratur
1042 1899 1201 1937 Helerni

231 1958 314 2003 Qua
345 1960 444 2009 petit
474 1969 687 2008 aequoreas
720 1957 865 1995 advena
896 1957 1063 2007 Thybris
1095 1969 1237 2007 aquas.

173 2016 228 2054 Ad
261 2016 459 2067 penetrale
491 2016 667 2067 Numae,
699 2015 1037 2066 Capitolinumque
1069 2014 1306 2065 Tonantem,

109 2082 151 2113 70
228 2074 350 2125 Inque
381 2074 481 2113 Iovis
513 2085 663 2112 summa
695 2073 870 2112 caeditur
902 2085 990 2112 arce
1022 2072 1181 2111 bidens,

173 2131 294 2182 Saepe
327 2145 462 2182 graves
493 2132 642 2183 pluvias
674 2131 884 2182 adopertus
916 2130 1086 2170 nubibus
1118 2136 1250 2169 auster

230 2190 406 2229 Concitat
423 2221 434 2242 ‚
467 2196 533 2229 aut
563 2191 688 2240 posita
720 2189 792 2228 sub
824 2191 911 2228 nive
942 2194 1048 2228 terra
1079 2188 1194 2227 latet.
