1575 2489
687 69 748 100 VI.
776 68 971 100 749-812.
1406 62 1491 104 350

279 178 467 217 Convenit
498 182 537 215 et
568 176 690 215 servis
709 206 720 228 ,
751 186 862 213 serva
894 175 984 225 quia
1014 171 1166 211 Tullius
1198 176 1309 209 ortus

338 235 550 274 Constituit
581 234 719 273 dubiae
752 232 894 284 templa
925 232 1145 282 propinqua
1176 229 1295 268 deae.

618 306 685 348 25.
715 304 799 347 HC
860 305 927 346 26.
960 302 1040 345 AC

194 389 258 420 785
279 380 380 419 Ecce
413 379 635 418 suburbana
666 378 822 417 rediens
854 376 952 415 male
986 375 1140 414 sobrius
1172 374 1264 412 aede

339 437 396 475 Ad
429 437 558 476 stellas
591 437 729 487 aliquis
760 435 850 474 talia
883 434 998 473 verba
1028 435 1140 472 iacit:

280 496 383 534 Zona
413 495 506 534 latet
536 501 603 534 tua
634 507 767 546 nunc,
800 500 838 532 et
869 505 954 532 cras
986 493 1151 530 fortasse
1182 489 1342 529 latebit:

338 553 485 592 Dehinc
518 555 620 604 erit,
652 552 802 604 Orion,
833 550 1055 602 aspicienda
1086 549 1204 587 mihi.

280 612 328 651 At
360 613 393 650 si
423 623 501 650 non
533 616 637 650 esset
668 616 813 662 potus,
844 609 1006 647 dixisset
1038 607 1171 646 eadem

195 679 261 710 790
339 669 557 708 Venturum
588 676 745 719 tempus
777 667 977 706 solstitiale
1010 666 1095 704 die.

623 743 688 783 27.
720 739 799 782 BG
861 741 927 782 28.
959 738 1033 780 OF

281 815 461 854 Lucifero
494 814 685 853 subeunte
717 813 836 851 Lares
868 811 1029 851 delubra
1060 809 1236 849 tulerunt

340 873 437 923 Hic,
472 872 541 911 ubi
571 873 614 910 fit
645 872 757 910 docta
788 870 908 909 multa
941 880 1083 908 corona
1114 880 1253 906 manu.

282 931 454 981 Tempus
478 931 579 969 idem
602 930 732 968 Stator
757 929 862 967 aedis
887 927 1027 978 habet,
1054 938 1169 976 quam
1188 924 1377 963 Romulus
1403 923 1495 962 olim

342 990 441 1027 Ante
472 988 635 1026 Palatini
667 987 841 1025 condidit
872 998 939 1024 ora
970 986 1072 1035 iugi.

738 1060 805 1101 29.
836 1057 916 1100 DF

200 1141 263 1172 595
284 1133 358 1171 Tot
389 1138 538 1171 restant
570 1132 617 1170 de
649 1144 783 1170 mense
816 1131 898 1169 dies
917 1162 928 1182 ,
959 1136 1055 1181 quot
1086 1130 1242 1168 nomina
1272 1126 1429 1178 Parcis,

345 1190 442 1229 Cum
473 1190 560 1229 data
593 1197 685 1229 suut
716 1189 871 1228 trabeae
904 1188 1074 1239 templa,
1108 1187 1269 1232 Quirine
1288 1216 1300 1238 ,
1330 1191 1443 1224 tuae.

746 1263 813 1304 30.
845 1260 923 1303 EC

285 1337 456 1387 Tempus
487 1335 603 1374 Iuleis
635 1347 720 1374 cras
753 1340 812 1373 est
843 1333 966 1372 natale
999 1332 1204 1371 Kalendis:

343 1394 516 1433 Plerides
536 1425 546 1444 ,
578 1395 725 1444 coeptis
758 1392 884 1431 addite
917 1404 1067 1430 summa
1098 1392 1217 1429 meis.

286 1453 408 1492 Dicite
428 1484 438 1503 ,
470 1451 672 1502 Pierides,
706 1452 792 1502 quis
824 1462 892 1488 vos
924 1450 1144 1488 adiunxerit
1173 1450 1262 1498 isti,

199 1519 266 1550 800
346 1511 417 1549 Cui
449 1510 554 1548 dedit
585 1511 724 1548 invitas
756 1511 854 1547 victa
886 1520 1052 1546 noverca
1083 1504 1255 1545 manus?

287 1568 349 1607 Sic
382 1581 451 1619 ego
472 1599 480 1606 .
537 1569 592 1606 sic
625 1567 730 1605 Clio:
775 1564 889 1604 ‘clari
919 1567 1158 1604 monimenta
1188 1563 1357 1615 Philippi

343 1627 494 1677 Aspicis
513 1657 523 1677 ‚
555 1625 658 1664 unde
690 1624 811 1663 trahit
842 1624 984 1662 Marcia
1016 1629 1120 1662 casta
1151 1634 1296 1674 genus:

284 1684 453 1735 Marcia,
485 1684 660 1722 sacrifico
694 1683 905 1721 deductum
936 1693 1079 1720 nomen
1110 1681 1156 1719 ab
1188 1681 1318 1732 Anco,

343 1742 386 1780 In
418 1754 493 1793 qua
524 1754 613 1792 pars
644 1742 763 1779 facies
794 1740 993 1779 nobilitate
1026 1751 1095 1778 sua
1127 1745 1209 1778 est.

170 1808 235 1839 805
259 1800 348 1850 [Par
380 1802 506 1839 animo
540 1811 695 1850 quoque
728 1800 850 1837 forma
884 1811 953 1836 suo
985 1798 1197 1848 respondet
1226 1798 1267 1835 in
1297 1794 1386 1850 illa,

342 1858 392 1897 Et
422 1870 545 1909 genus
577 1864 616 1896 et
646 1857 763 1895 facies
795 1858 1073 1907 ingeniumque
1106 1855 1221 1893 simul
1234 1854 1261 1904 .]

285 1916 365 1956 Nec
397 1916 499 1967 quod
531 1915 732 1954 laudamus
763 1916 926 1953 formam
943 1945 956 1964 ,
987 1920 1030 1952 tu
1062 1920 1177 1964 turpe
1208 1913 1384 1964 putarist

342 1975 561 2013 Laudamus
592 1985 749 2024 magnas
780 1973 852 2011 hac
884 1984 1039 2023 quoque
1071 1978 1180 2023 parte
1214 1971 1328 2010 deas.

285 2033 412 2084 Nupta
444 2034 517 2072 fuit
548 2032 742 2083 quondam
773 2036 981 2069 matertera
1013 2030 1189 2069 Caesaris
1220 2029 1298 2068 illi,

197 2099 264 2130 810
343 2091 374 2130 O
407 2091 555 2142 decus,
587 2103 608 2128 o
642 2101 750 2128 sacra
782 2090 925 2128 femina
957 2088 1071 2139 digna
1101 2083 1261 2128 domol’

286 2149 349 2188 Sic
381 2151 522 2188 cecinit
554 2148 662 2187 Clio.
719 2147 853 2186 doctae
887 2159 1089 2185 assensere
1121 2156 1300 2194 sorores;

343 2208 487 2246 Annuit
518 2206 671 2245 Alcides
702 2207 975 2256 increpuitque
1006 2205 1151 2256 lyram.
