1575 2489
580 52 638 84 IV.
667 53 862 85 764—836.
1302 51 1384 93 307

169 160 268 200 Num
294 165 424 198 tamen
450 164 510 198 est
535 172 626 198 vero
651 161 813 210 propius
829 190 840 212 ,
867 171 955 198 cum
982 160 1136 199 condita
1159 160 1281 200 Roma
1307 167 1386 214 est,

229 218 451 256 Transferri
482 219 611 257 iussos
643 219 683 256 in
715 230 812 256 nova
845 223 946 256 tecta
977 218 1096 257 Lares

170 277 443 327 Mutantesque
477 277 634 315 domum
666 278 780 315 tectis
812 276 1032 327 agrestibus
1064 279 1193 328 ignem

228 335 277 373 Et
310 339 532 373 cessaturae
566 336 819 386 supposuisse
853 347 986 387 casae,

82 402 148 433 805
168 393 243 432 Per
274 393 447 431 flammas
481 393 641 432 saluisse
674 405 824 445 pecus,
857 393 1019 432 saluisse
1052 392 1246 433 colonos?

229 451 337 497 Quod
372 452 415 490 fit
447 452 563 490 natali
595 464 699 490 nunc
732 464 887 503 quoqne
907 483 917 503 ‚
949 451 1099 503 Roma,
1133 459 1222 491 tuo.

169 510 255 562 Ipse
288 509 396 548 locus
429 522 565 548 causas
597 512 673 549 vati
706 511 824 549 facit.
880 510 997 549 Urbis
1030 512 1138 562 origo

227 567 368 607 Venit.
424 568 516 607 ades
548 569 689 621 factis,
720 581 856 619 magne
890 569 1080 621 Quirine,
1114 568 1215 608 tuis!

170 627 249 665 lam
282 627 407 666 luerat
439 639 583 679 poenas
616 627 736 666 frater
768 628 982 666 Numitoris
1001 659 1012 680 ‚
1045 633 1083 666 et
1114 640 1227 666 omne

81 693 148 725 810
228 685 435 724 Pastorum
467 688 620 737 gemino
653 686 726 724 sub
759 686 856 724 duce
890 686 1025 737 volgus
1057 693 1162 725 erat.

169 743 409 783 Contrahere
442 750 614 795 agrestes
648 750 687 782 et
719 746 870 783 moenia
901 757 1047 795 ponere
1082 746 1239 795 utrique

228 802 444 841 Convenit.
501 803 739 854 ambigitur,
773 804 924 841 moenia
955 808 1074 853 ponat
1105 809 1216 842 uter.

171 858 252 899 ‘Nil
284 873 383 912 opus
416 858 495 900 est'
529 862 626 900 dixit
657 858 912 899 ‘certamine'
945 860 1134 899 Romulus
1168 858 1293 900 eullo:

227 919 363 970 Magna
397 919 491 958 fides
523 921 650 957 avium
684 925 770 970 est,
805 920 1052 969 experiamur
1085 917 1219 959 aves.'

82 985 148 1018 815
168 977 245 1016 Res
277 977 431 1027 placet.
489 978 585 1016 alter
618 977 697 1016 adit
728 979 926 1016 nemorosi
958 990 1048 1016 saxa
1082 978 1224 1017 Palati:

227 1035 335 1074 Alter
366 1036 600 1075 Aventinum
632 1048 744 1074 mane
777 1048 964 1075 cacumen
996 1038 1089 1074 init.

171 1094 245 1133 Sex
278 1094 423 1133 Remus
442 1126 453 1147 ‚
484 1095 547 1133 hic
579 1094 758 1133 volucres
790 1094 851 1132 bis
884 1107 950 1133 sex
983 1095 1087 1133 videt
1119 1095 1277 1135 ordine.

897 1158 1010 1203 pacto

230 1210 364 1250 Statur
383 1243 393 1263 ‚
426 1217 464 1249 et
496 1210 703 1250 arbitrium
734 1211 922 1250 Romulus
956 1211 1065 1250 urbis
1097 1211 1235 1250 habet.

171 1270 267 1320 Apta
300 1270 382 1308 dies
415 1270 586 1320 legitur,
620 1282 695 1321 qua
728 1272 879 1308 moenia
913 1271 1040 1320 signet
1072 1276 1223 1309 aratro.

81 1336 149 1368 820
230 1328 347 1366 Sacra
380 1328 480 1366 Palis
513 1328 729 1367 suberant:
773 1329 863 1367 inde
897 1333 1074 1367 movetur
1107 1340 1227 1380 opus.

169 1386 287 1425 Fossa
321 1388 362 1425 fit
395 1387 440 1425 ad
473 1386 669 1439 solidum,
702 1387 833 1438 fruges
866 1388 1062 1425 iaciuntur
1094 1389 1133 1425 in
1166 1388 1242 1425 ima

228 1444 278 1484 Et
309 1445 356 1483 de
390 1446 514 1484 vicino
547 1451 653 1483 terra
684 1447 804 1496 petita
837 1445 941 1484 solo.

171 1503 289 1542 Fossa
320 1503 496 1554 repletur
528 1503 647 1542 humo
666 1535 676 1555 ‚
708 1503 924 1555 plenaeque
956 1505 1171 1555 imponitur
1204 1516 1292 1556 ara,

228 1561 277 1600 Et
308 1574 432 1600 novus
464 1574 628 1601 accenso
661 1563 838 1613 fungitur
869 1564 957 1613 igne
991 1563 1124 1601 focus.

81 1620 262 1662 825111ᾶο
295 1633 478 1672 premens
510 1622 647 1660 stivam
680 1620 858 1671 designat
891 1623 1043 1659 moenia
1075 1621 1207 1673 sulco3

229 1678 324 1717 Alba
356 1680 490 1730 iugum
522 1681 635 1718 niveo
668 1691 758 1718 cum
791 1679 886 1718 bove
920 1692 1034 1718 vacca
1066 1679 1177 1718 tulit.

172 1737 251 1776 Vox
284 1738 356 1776 fuit
387 1737 481 1776 haec
514 1739 648 1788 regis:
695 1732 927 1789 econdenti,
960 1738 1160 1790 Iuppiter,
1193 1737 1330 1776 urbem

229 1795 279 1835 Et
309 1797 463 1846 genitor
495 1795 647 1834 Mavors
679 1796 873 1848 Vestaque
906 1801 1031 1835 mater
1050 1828 1060 1848 ‚
1093 1795 1207 1835 ades!

172 1855 356 1905 Quosque
391 1856 497 1905 pium
531 1860 590 1894 est
621 1854 806 1893 adhibere
839 1855 961 1902 deos,
995 1855 1184 1893 advertite
1217 1854 1371 1893 cuncti!

84 1922 150 1953 830
230 1913 465 1964 Auspicibus
499 1913 604 1951 vobis
637 1913 710 1952 hoc
742 1913 837 1952 mihi
870 1918 1005 1963 surgat
1037 1925 1158 1964 opus.

172 1971 301 2022 Longa
334 1973 384 2010 sit
416 1972 507 2010 huic
540 1977 645 2010 aetas
677 1971 934 2022 dominaeque
967 1973 1142 2023 potentia
1173 1976 1325 2024 terrae,

232 2030 367 2081 Sitque
401 2030 474 2069 sub
506 2030 577 2069 hac
610 2032 741 2069 oriens
773 2030 1040 2081 occiduusque
1073 2027 1201 2069 dies.’

170 2088 237 2127 Ille
269 2088 531 2141 precabatur,
564 2091 712 2128 tonitru
746 2089 852 2127 dedit
883 2090 1011 2127 omina
1043 2089 1150 2127 laevo

230 2146 406 2198 Iuppiter
437 2154 476 2187 et
506 2148 614 2187 laevo
647 2148 808 2186 fulmina
840 2148 958 2186 missa
989 2147 1101 2199 polo.

83 2214 150 2245 835
172 2206 344 2256 Augurio
378 2206 468 2245 laeti
498 2208 646 2245 iaciunt
678 2207 901 2245 fundamina
934 2207 1061 2258 cives,
1319 2212 1391 2246 (152)

229 2264 279 2303 Et
310 2276 432 2303 novus
466 2267 606 2316 exiguo
639 2270 816 2316 tempore
849 2277 986 2304 murus
1019 2270 1123 2304 erat.

1109 2332 1181 2367 20*
