1601 2484
1235 87 1387 122 XXXlX

54 203 96 240 in
127 202 193 239 der
222 201 320 239 ozc'ilze
350 212 413 238 am
438 202 525 247 ufer
549 203 644 239 reste
663 201 758 238 alter
778 200 1058 249 bauliclzlceiten,
1088 199 1382 247 reticzclarwerk,

54 261 96 298 m
125 260 192 297 der
221 259 398 297 ndchsten
428 260 544 306 vig-na
574 259 640 296 cler
670 259 741 305 fols
771 270 819 297 zu
849 259 989 296 kellern
1020 257 1246 305 ausqelzeffhlt.
1322 269 1386 294 am

55 317 180 355 linken
209 318 298 364 ufer
328 318 432 354 weite
441 317 573 364 plane,
603 317 671 354 mit
690 319 920 354 versu-emen
939 316 1063 355 eichen
1082 316 1296 354 bestanclen.

54 372 139 413 343
170 383 325 413 LAETo
358 382 683 412 CELEBERRIMA
707 381 880 413 VOLGO.
953 373 1176 412 emendavit
1206 373 1269 411 Fr.
1295 372 1385 410 Pol-

53 433 130 470 lius
163 433 338 470 adhibito
371 432 475 482 quod
504 432 546 469 in
570 431 662 470 Met.
688 431 745 469 VI
772 433 854 470 165
883 434 953 481 est,
985 434 1160 470 comitum
1185 431 1305 469 Niobe
1331 442 1384 468 ce-

54 491 254 529 zeberrima
267 492 388 529 turba.
521 487 604 528 429
619 498 847 528 FUERANT.
920 502 998 528 non
1016 490 1094 527 fuit
1106 490 1178 527 1100
1190 491 1385 537 temptan-

53 548 147 586 dum
187 549 236 586 ab
267 548 430 586 Heinsio
469 550 508 586 et
543 548 736 586 Bentleio.
808 560 1018 597 posueram
1056 547 1139 585 eius
1176 547 1384 584 locutionis

54 607 205 656 aliquot
237 607 414 655 exempla
446 605 495 644 ad
516 605 632 645 Trist.
664 620 728 655 pp.
752 607 805 644 10
831 608 871 644 et
892 607 988 654 292,
1020 605 1100 643 alia
1131 605 1267 642 eodem
1286 607 1384 642 tem-

53 677 147 712 pore
179 665 241 703 Fr.
274 664 447 702 Haasius
479 664 528 702 ad
558 664 786 713 Reisigiana
817 663 946 701 adnot.
979 664 1075 701 456.
1149 665 1240 700 sunt
1265 662 1386 700 etiam

52 722 115 759 HI
136 724 188 761 33
224 724 278 761 34
313 724 394 761 149
428 722 464 759 V
487 723 569 761 184
602 722 659 759 VI
682 724 776 760 722.
923 717 1009 759 479
1041 721 1248 758 insimulor
1277 720 1384 759 iden-

55 780 175 818 tidem
210 781 400 829 incuriae,
445 780 547 830 quod
585 779 774 818 ediderim
810 780 1052 828 Peloriadem,
1094 779 1211 829 idque
1249 781 1385 831 contra

51 839 244 877 librorum
282 838 525 888 quorundam
561 838 842 875 testimonium.
916 840 1072 875 secutus
1103 837 1257 875 fueram
1289 837 1383 874 San-

52 897 150 934 tenii
181 897 496 935 observationem
527 896 716 934 ineditam
754 898 793 934 et
823 895 1066 933 Lobeekium
1096 896 1186 945 Agl.
1217 909 1255 944 p.
1289 896 1384 933 982.

53 957 161 992 extat
201 955 248 992 de
285 967 327 992 re
359 955 480 992 etiam
512 954 738 992 dissertatio
769 954 1015 991 Fleckeiseni
1044 953 1086 991 in
1116 954 1258 991 Annal.
1288 953 1383 1002 phil.

51 1014 97 1050 61.
171 1013 276 1062 quod
306 1026 342 1052 v.
367 1014 451 1051 475
478 1013 615 1051 Melan
640 1012 754 1059 edidi,
785 1024 864 1050 non
888 1012 963 1049 feci
989 1011 1093 1062 quod
1117 1011 1384 1060 ignoraverim

52 1071 192 1109 fluvios
231 1083 275 1108 eo
313 1071 470 1108 nomine
510 1072 625 1108 notos
656 1071 819 1109 Melana
854 1070 983 1108 faeere
1022 1073 1207 1120 quartum
1239 1081 1384 1117 casum,

52 1132 121 1167 aut
156 1129 379 1177 putaverim
410 1129 558 1167 DIelam
592 1129 722 1166 faeere
752 1129 945 1177 potuisse,
982 1130 1028 1166 ut
1058 1128 1248 1178 quaedam
1281 1127 1386 1177 apud

51 1187 222 1224 Neuium
251 1196 268 1224 Ι
298 1201 334 1236 p.
368 1188 470 1235 339,
509 1186 578 1224 sed
613 1188 776 1235 propter
812 1187 1005 1225 librorum
1036 1186 1314 1224 auctoritatem
1345 1188 1386 1224 et

53 1257 128 1294 quo
167 1245 379 1293 amplietur
417 1256 543 1282 eausa.
695 1241 778 1282 709
816 1253 1015 1283 DEICERE
1049 1251 1245 1282 CAPTAM.
1316 1256 1384 1293 po-

54 1302 195 1340 sterior
228 1315 302 1341 vox
333 1302 476 1351 exigua
506 1302 697 1339 librorum
736 1302 811 1339 fide
842 1303 986 1340 utitur:
1023 1302 1200 1351 plerique
1233 1305 1384 1345 certam,

52 1364 98 1398 ut
129 1363 230 1398 certa
261 1357 320 1398 lex
337 1384 359 1389 -
377 1360 469 1398 Met.
490 1359 526 1396 V
547 1362 628 1398 531
650 1384 672 1389 —
691 1363 990 1398 monumentum
1020 1360 1120 1397 illud
1150 1360 1227 1398 dici
1252 1360 1384 1399 videa-

50 1422 126 1456 tur.
201 1419 342 1456 deicere
372 1421 433 1455 est
463 1430 584 1455 manu
609 1418 782 1456 occidere
808 1418 912 1467 apud
931 1418 1155 1467 Vergilium
1181 1421 1221 1456 et
1247 1417 1386 1456 Caesa-

51 1489 145 1525 rem,
178 1476 282 1526 quod
312 1475 427 1513 elicui
459 1488 506 1513 ex
537 1488 594 1524 eo,
625 1476 729 1525 quod
759 1476 852 1514 libri
876 1476 1036 1519 habent,
1068 1477 1200 1515 dicere.
1269 1489 1384 1524 syna-

49 1534 216 1582 loephen
246 1536 407 1571 tueatur
437 1534 632 1582 scriptura
662 1534 803 1572 codicis
834 1534 1046 1572 Bernensis
1070 1534 1165 1573 Hor.
1198 1537 1271 1574 sat.
1289 1535 1309 1572 Ι
1328 1534 1385 1572 VI

52 1594 103 1630 39
137 1592 295 1630 Deicere
326 1593 370 1630 de
400 1604 493 1630 saxo
524 1594 621 1631 cives
652 1596 719 1630 aut
749 1593 898 1631 tradere
930 1592 1095 1638 Caczmo;
1127 1594 1211 1631 eicit
1240 1595 1281 1630 et
1310 1595 1383 1631 rei-

51 1662 142 1693 cere,
175 1663 273 1700 quae
304 1650 408 1688 binis
439 1650 534 1688 loeis
565 1650 770 1689 adnotavit
800 1651 941 1688 Munro
974 1650 1024 1688 ad
1055 1650 1167 1688 Lucr.
1199 1650 1260 1688 ΠΙ
1287 1652 1383 1689 877.

166 1704 273 1746 LIB.
293 1704 333 1746 V
353 1706 406 1747 21
441 1716 554 1747 PLUS
587 1716 715 1755 QUAM
747 1717 865 1748 DEUS
897 1717 1099 1747 ADVENA.
1171 1709 1265 1746 libri
1284 1711 1384 1756 quis-

49 1779 164 1814 quam
201 1767 292 1805 deus
333 1767 490 1805 advena.
562 1767 812 1816 hyperbaton
847 1767 956 1805 volui
993 1780 1096 1816 esse,
1141 1763 1249 1806 ‘deus
1292 1769 1383 1816 plus

49 1837 168 1874 quam
199 1820 377 1873 advena',
416 1825 478 1862 uti
506 1826 600 1872 plus
637 1837 753 1872 Quam
791 1826 943 1864 solitum
979 1837 1074 1873 opus
1103 1825 1124 1863 I
1158 1826 1259 1874 170,
1288 1827 1383 1873 plus

49 1895 164 1929 Quam
174 1895 251 1930 pro
263 1886 378 1930 parte
396 1882 479 1920 1111
495 1884 596 1932 3013
623 1883 740 1921 Trist.
754 1883 790 1920 V
803 1892 833 1921 V
849 1885 914 1931 18,
934 1883 1077 1922 Lucan.
1092 1884 1112 1922 I
1128 1886 1164 1922 1.
1299 1881 1379 1922 131

48 1949 133 1979 ARS
159 1949 278 1978 ERAT
303 1949 424 1979 ILLA.
497 1941 523 1978 J
526 1941 662 1979 ordani
688 1944 728 1980 et
752 1941 918 1991 Hauptii
943 1940 1111 1981 Arserat
1135 1943 1296 1992 egregia
1321 1945 1382 1980 est

48 1999 287 2048 coniectura,
320 2000 403 2037 sola
433 1999 633 2047 fortassis,
673 2012 773 2049 quae
805 2000 917 2038 annis
947 2001 1085 2038 multis
1116 2000 1232 2038 huius
1263 2002 1380 2038 notae

47 2057 153 2095 saeta
197 2057 264 2095 sit:
313 2070 447 2095 veram
490 2061 624 2095 tamen
665 2059 905 2108 negaverim.
975 2060 1126 2107 quidem
1172 2071 1221 2096 ne
1264 2059 1380 2107 plane

48 2115 286 2164 superfluat,
325 2128 372 2153 ex
403 2116 585 2164 oppositu
615 2117 919 2167 intelligendum
950 2117 1043 2166 erit,
1081 2117 1147 2166 qui
1179 2119 1239 2154 est
1271 2117 1379 2167 sigil-

46 2173 176 2210 lorum
213 2174 360 2211 affabre
398 2174 491 2211 olim
529 2175 724 2212 factorum
762 2178 802 2213 et
832 2178 1009 2224 tempore
1041 2175 1265 2224 adesorum,
1302 2188 1380 2213 non

46 2243 137 2269 arae
178 2232 339 2281 eiusque
382 2232 651 2282 reliquiarum.
726 2245 817 2271 saxo
862 2233 1054 2283 quadrato
1094 2246 1173 2271 non
1208 2235 1380 2272 multum

47 2293 204 2328 senecta
239 2292 369 2328 nocet:
410 2291 523 2341 signa
560 2291 729 2340 gemella
765 2291 934 2330 maxime
973 2292 1221 2342 quaesiverat
1250 2295 1378 2342 poeta,
