1575 2489
206 111 285 152 146
733 111 797 142 EX
826 110 983 143 PONTo

375 219 504 258 Audet
534 218 580 256 ad
612 218 801 256 humanos
832 218 935 255 fessa
965 219 1096 255 venire
1129 218 1260 255 sinus.

317 276 396 315 Nec
430 288 471 314 se
503 277 630 314 vicino
663 275 814 313 dubitat
846 276 1088 313 committere
1119 280 1247 325 tectO,

253 343 299 374 40
378 334 485 379 Quae
517 334 616 384 fugit
646 333 809 371 infestos
841 335 978 371 territa
1010 344 1122 371 cerva
1153 343 1268 370 canes
1282 331 1309 381 .]

318 391 401 443 Da,
441 403 611 443 precor,
652 402 852 429 accessum
892 390 1089 441 lacrimis,
1131 390 1357 441 mitissime,

1039 449 1206 498 nostris,
1469 455 1528 488 (40)

377 506 458 546 Nec
489 506 652 558 rigidam
683 506 828 545 timidis
860 505 1020 544 vocibus
1052 505 1150 544 obde
1183 505 1330 556 sorem3

319 564 522 616 Verbaque
554 570 688 603 nostra
718 565 850 602 favens
882 564 1053 602 Romana
1084 563 1129 602 ad
1162 564 1320 601 numina
1350 563 1505 615 perfer,

378 622 464 661 Non
496 622 568 661 tibi
599 623 765 673 Tarpeio
798 621 901 660 culta
932 621 1106 660 Tonante
1137 622 1289 660 minus.

255 689 300 720 45
319 681 565 732 Mandatique
597 682 673 719 mei
704 680 854 730 legatus
887 681 1039 730 suscipe
1072 691 1249 718 causam:

377 738 489 778 Nulla
521 750 607 777 meo
640 739 815 789 quamvis
846 739 1001 776 nomine
1034 748 1148 775 causa
1180 736 1280 775 bona
1312 742 1393 775 est.

319 796 397 836 Iam
430 809 551 848 prope
584 797 813 848 depositus,
845 801 950 834 certe
982 796 1058 834 iam
1090 795 1253 845 frigidus
1285 806 1401 845 aeger

382 854 565 894 Servatus
597 866 668 906 per
698 860 767 906 te,
799 855 831 892 si
862 853 976 892 modo
1009 865 1172 904 servor,
1204 864 1296 892 ero.

319 913 432 952 Nunc
463 919 529 951 tua
560 925 632 963 pro
663 912 775 951 lassis
806 913 953 950 nitatur
985 912 1107 962 gratia
1138 910 1281 962 rebus,

257 979 300 1010 50
380 970 572 1021 Principis
605 972 754 1009 aeterni
787 982 902 1021 quam
933 969 1003 1008 tibi
1034 974 1205 1020 praestat
1237 980 1366 1007 amor.

321 1028 434 1068 Nunc
466 1029 537 1068 tibi
569 1034 608 1068 et
639 1028 782 1079 eloquii
813 1029 916 1066 nitor
948 1027 1011 1065 ille
1044 1027 1281 1065 domesticus
1313 1026 1434 1078 adsit,

381 1086 464 1132 Quo
497 1092 653 1137 poteras
684 1085 847 1136 trepidis
879 1085 984 1124 utilis
1017 1097 1103 1123 esse
1135 1086 1236 1123 reis.

321 1144 423 1183 Vivit
455 1147 557 1183 enim
588 1146 628 1183 in
661 1143 768 1182 vobis
800 1143 956 1182 facundi
988 1143 1118 1192 lingua
1148 1143 1344 1193 parentis,

379 1202 428 1241 Et
459 1214 522 1241 res
554 1202 739 1241 heredem
771 1203 946 1253 repperit
975 1200 1040 1239 illa
1071 1212 1206 1240 suum.

258 1268 301 1300 55
322 1260 429 1299 Hanc
462 1272 532 1311 ego
552 1292 563 1312 ,
595 1272 673 1299 non
705 1265 748 1298 ut
778 1271 840 1298 me
867 1259 1075 1298 defendere
1108 1263 1302 1310 temptet,
1333 1258 1474 1298 adoro:

380 1319 465 1357 Non
498 1324 557 1357 est
589 1319 758 1357 confessi
790 1329 904 1357 causa
935 1317 1080 1356 tuenda
1111 1319 1194 1355 rei.

321 1376 421 1416 Num
454 1382 582 1415 tamen
615 1388 778 1415 excuses
811 1377 958 1415 erroris
990 1376 1139 1426 origine
1171 1375 1339 1426 factum,

380 1436 438 1473 An
470 1434 565 1473 nihil
599 1434 778 1485 expediat
808 1434 884 1473 tale
916 1445 1102 1485 movere,
1133 1433 1243 1471 vide.

322 1493 502 1531 Vulneris
534 1493 573 1531 id
605 1505 728 1544 genus
760 1497 846 1543 est,
886 1492 988 1543 quod
1027 1503 1115 1530 cum
1148 1490 1318 1529 sanabile
1352 1503 1429 1529 non
1461 1492 1532 1544 sit,

260 1560 303 1590 60
382 1550 467 1589 Non
500 1552 737 1589 contrectari
769 1552 891 1589 tutius
925 1562 1009 1588 esse
1041 1555 1158 1600 put0.

321 1609 469 1659 Lingua
488 1640 498 1660 ,
531 1608 601 1647 sile
622 1640 630 1647 .
681 1620 759 1647 non
792 1614 851 1647 est
882 1608 984 1646 ultra
1015 1607 1208 1646 narrabile
1241 1609 1474 1658 quicquam.

381 1667 502 1706 Posse
534 1666 647 1705 velim
679 1667 831 1705 cineres
863 1666 1030 1704 obruere
1061 1667 1144 1716 ipse
1176 1677 1307 1704 meos.

325 1725 388 1764 Sic
419 1726 538 1775 igitur
557 1757 568 1776 ,
600 1726 710 1775 quasi
742 1736 802 1762 me
835 1724 965 1763 nullus
998 1724 1197 1775 deceperit
1227 1735 1361 1775 error,
1479 1731 1534 1764 (41)

382 1782 506 1822 Verba
539 1783 626 1834 fac,
658 1790 702 1821 ut
732 1784 837 1834 vita,
871 1794 985 1833 quam
1017 1782 1124 1821 dedit
1149 1784 1231 1832 ipse
1250 1812 1261 1833 ,
1293 1782 1422 1820 fruar.

261 1850 303 1882 65
325 1841 500 1893 Cumque
533 1853 696 1880 serenus
728 1843 834 1892 erit,
864 1840 1073 1890 vultusque
1105 1841 1300 1879 remiserit
1331 1839 1441 1890 illos,

383 1899 458 1945 Qui
489 1911 622 1938 secum
654 1905 779 1938 terras
811 1900 1096 1950 imperiumque
1128 1903 1308 1937 movent:

324 1958 513 2009 Exiguam
544 1970 592 1997 ne
623 1969 686 1996 me
717 1957 898 2008 praedam
932 1959 1032 1996 sinat
1063 1968 1147 1995 esse
1181 1956 1389 2006 Getarum,

382 2017 533 2068 Detque
565 2016 690 2056 solum
722 2017 885 2054 miserae
918 2016 1010 2054 mite
1029 2046 1040 2067 ,
1071 2027 1233 2066 precare
1252 2046 1262 2066 ,
1293 2015 1428 2064 fugae.

325 2075 496 2127 Tempus
535 2075 643 2114 adest
674 2080 804 2126 aptum
836 2073 1047 2125 precibuS.
1103 2073 1203 2111 valet
1239 2074 1322 2124 ipse
1356 2071 1534 2123 videtque

263 2142 305 2173 70
386 2134 490 2179 Quas
522 2134 615 2172 fecit
645 2134 775 2184 vires,
807 2131 956 2183 Roma,
989 2131 1115 2170 valere
1147 2138 1256 2170 tuaS.

325 2192 535 2231 Incolumis
569 2192 737 2230 coniunx
763 2202 832 2229 sua
863 2190 1078 2241 pulvinaria
1109 2194 1261 2228 servat:

383 2250 591 2288 Promovet
621 2250 834 2289 Ausonium
866 2248 967 2286 filius
999 2250 1232 2298 imperium:

326 2307 519 2347 Praeterit
549 2311 633 2359 ipse
666 2319 757 2347 suos
790 2308 916 2346 animo
950 2306 1202 2345 Germanicus
1234 2316 1378 2357 annos,
