1601 2484
1195 91 1367 127 XXXVII

36 210 190 257 partem
214 207 358 246 veteris
379 206 479 244 sacri
498 205 680 254 servavit,
706 204 741 241 V
761 205 857 252 428,
882 203 1154 251 Februarium,
1180 202 1230 240 ad
1250 215 1366 251 quem

36 268 166 304 totum
184 266 432 312 translatum,
465 264 667 312 aliquanto
687 263 820 311 plures
845 262 1030 299 habuisse
1051 263 1215 310 oportet.
1290 261 1365 300 nisi

35 324 138 362 forte
168 326 286 373 poeta
315 323 398 372 ipse
423 322 594 360 incertus
625 321 763 370 haesit,
794 323 841 359 ut
863 320 926 357 III
953 321 1048 368 792,
1078 331 1172 358 vero
1198 319 1365 358 similius

34 384 165 420 totum
196 393 386 429 mensem,
423 380 561 418 diebus
597 380 764 418 forsitan
795 379 946 427 aliquot
977 377 1164 426 exceptis,
1203 377 1366 415 deorum

35 440 250 478 inferorum
281 437 463 488 religioni
488 439 662 486 cessisse,
693 438 765 476 hoc
785 440 856 486 est,
888 436 938 474 ad
964 436 1204 473 Terminalia
1227 448 1365 485 usque,

35 499 140 547 quod
170 498 212 535 II
238 499 292 535 50
324 497 507 546 legimus,
542 497 602 534 Tu
632 507 774 544 quoque
803 506 1017 537 sacrorum,
1051 495 1243 537 Termine,
1274 496 1366 540 finis

36 567 123 595 eras
161 558 201 594 et
239 556 331 593 olim
368 567 415 592 ex
445 554 672 603 Augustino
707 553 866 602 protuli.
939 553 1057 601 atque
1089 552 1152 589 hic
1182 552 1279 589 mihi
1309 552 1365 590 vi-

35 615 152 652 detur
181 615 245 652 ille
276 615 354 652 dies
386 614 481 662 570,
513 612 593 650 VII
618 612 679 650 ΚΓ
707 612 834 660 Mart„
865 612 955 660 post
985 622 1103 658 quem
1133 611 1286 648 restant
1316 610 1364 648 de

35 683 168 710 mense
207 672 288 710 dies
327 671 507 720 quinque.
580 671 688 719 nolo,
721 670 840 719 quod,
878 680 966 706 cum
996 668 1213 706 bissextum
1244 668 1364 706 inter-

34 731 198 778 calatur,
230 730 312 768 dies
345 741 412 768 sex
442 731 545 778 sunt,
575 728 759 767 facetiam
783 728 921 776 poetae
947 726 1156 775 imputare,
1188 726 1300 775 quasi
1324 726 1364 763 id

35 788 85 826 ad
109 800 295 826 versuum
321 799 481 826 suorum
504 787 648 836 pedum
673 785 879 824 discrimen
903 784 1114 823 rettulerit.
1189 784 1257 822 sed
1283 796 1365 823 car-

34 848 141 885 mina
167 849 259 884 sunt
284 845 397 895 elegi,
428 845 496 894 qui
520 857 662 883 nomen
686 844 833 882 habent
858 843 906 881 ab
933 843 1043 890 elego,
1074 842 1147 880 hoc
1173 844 1244 891 est,
1269 855 1362 891 pen-

35 907 221 943 tametro:
248 903 424 942 Diomed.
443 917 479 952 p.
501 904 596 951 503,
618 903 672 941 20
694 904 887 951 yemimcm
912 912 1068 949 comma,
1092 901 1134 939 id
1158 904 1212 939 est
1230 902 1363 948 elegus.

35 963 92 1001 ita
128 963 259 1013 graeci
295 961 542 1012 grammatici
578 963 683 999 certe
720 958 911 1006 ἐλεγεῖον
949 958 996 997 de
1034 959 1202 997 disticho
1241 961 1280 996 et
1317 959 1364 996 de

35 1023 299 1070 pentametro:
318 1032 389 1058 nec
408 1020 570 1059 dubium
589 1018 692 1068 apud
708 1018 872 1057 Critiam
885 1018 932 1056 fr.
945 1026 998 1055 ΙΙΙ
1013 1019 1050 1057 3.
1123 1029 1222 1066 quae
1242 1017 1366 1066 igitur

35 1091 221 1117 versuum
251 1091 435 1116 mensura
464 1078 623 1127 propria
654 1077 825 1126 elegiaco
856 1075 1029 1124 carmini,
1059 1075 1156 1113 haec
1187 1077 1257 1113 est.

152 1133 258 1176 LIB.
289 1133 355 1174 III
379 1133 463 1175 229
495 1144 621 1186 DIEM,
654 1144 774 1182 QUAE
800 1143 951 1173 PRIVA.
1023 1134 1116 1172 libri
1146 1134 1239 1171 boni
1270 1144 1367 1181 quae

32 1196 179 1243 prima,
217 1195 446 1243 interpolati
468 1197 704 1242 primasque.
777 1195 875 1232 diem
898 1194 1056 1241 prii-am
1085 1191 1366 1230 Matronalium

38 1253 216 1301 intellegi
257 1253 381 1301 volui,
424 1264 502 1301 qua
543 1254 629 1290 tota
672 1251 778 1289 solae
820 1253 1022 1288 matronae
1064 1250 1232 1288 feriatae
1276 1250 1366 1288 sint.

37 1310 120 1349 dies
147 1311 421 1348 Matraliorum
439 1310 500 1348 III
524 1310 581 1348 Id.
606 1310 690 1348 Iun.
722 1312 999 1358 praeterquam
1025 1308 1163 1346 Matris
1188 1308 1366 1346 Matutae

38 1369 157 1406 etiam
187 1368 385 1407 Fortunae
415 1368 535 1406 ferias
567 1368 754 1417 habebat3
785 1368 826 1405 in
856 1367 917 1405 his
942 1378 1181 1416 quamquam
1206 1368 1246 1404 et
1270 1366 1367 1415 ipsis

36 1428 239 1464 matronae
269 1426 326 1463 VI
359 1428 438 1464 621
472 1426 740 1474 nominantur,
772 1428 904 1463 tamen
935 1427 1205 1462 matronarum
1236 1424 1366 1473 singu-

37 1484 130 1522 laris
163 1484 350 1533 dignatio,
382 1483 485 1533 quod
514 1495 654 1522 mimus
685 1485 746 1521 est
777 1483 812 1519 V
835 1484 917 1522 190
951 1482 1006 1519 VI
1028 1484 1122 1531 210,
1154 1485 1294 1520 neutro
1326 1483 1367 1519 in

36 1554 146 1579 sacro
183 1543 404 1580 denotatur.
475 1554 594 1580 versu
623 1541 799 1591 proximo
831 1541 920 1580 Hac
950 1543 1040 1588 quia
1071 1540 1225 1589 scripsi,
1263 1540 1367 1589 quod

35 1600 77 1637 in
107 1600 217 1637 libris
249 1602 311 1638 est
340 1599 424 1639 Aut
451 1602 554 1648 quia,
585 1600 626 1637 in
650 1599 859 1638 Ursiniano
891 1598 958 1637 An
982 1600 1084 1646 quia.
1158 1600 1254 1647 411,
1281 1600 1364 1637 412

36 1658 170 1707 spuria
205 1659 394 1707 putabam
430 1658 477 1696 de
503 1671 548 1696 eo
579 1670 739 1708 genere,
776 1670 852 1707 quo
889 1657 1120 1696 insolentior
1150 1657 1282 1706 aliqua
1312 1657 1368 1695 lo-

37 1716 143 1754 cutio
176 1718 367 1765 expletur.
439 1729 572 1755 ramus
603 1715 750 1754 dictum
781 1716 858 1754 fuit
888 1718 934 1754 ut
963 1718 1065 1755 rami
1095 1716 1187 1753 Met.
1220 1715 1255 1752 V
1283 1717 1365 1754 299

34 1774 70 1811 Χ
102 1776 186 1812 510
213 1776 331 1824 Verg.
354 1775 451 1814 Aen.
477 1775 539 1812 III
566 1775 658 1813 650.
735 1776 818 1813 573
851 1787 930 1813 non
961 1777 1051 1825 eget
1082 1773 1367 1822 emendatione,

34 1845 272 1882 quamquam
302 1833 547 1872 intellectum
570 1845 648 1871 non
672 1834 780 1882 puto.
853 1836 886 1871 et
908 1832 1204 1881 transpositum,
1235 1835 1281 1870 ut
1305 1832 1369 1869 III

36 1892 60 1928 8
95 1894 128 1928 et
157 1893 255 1939 quod
282 1893 450 1940 inermis,
474 1891 559 1929 IIII
585 1893 666 1930 699
694 1891 749 1930 Et
778 1894 903 1930 tamen
934 1893 1110 1939 assiduis,
1137 1891 1173 1928 V
1197 1891 1283 1929 400
1315 1891 1369 1928 Et

31 1951 147 1997 yemit
180 1949 351 1998 Alcides,
390 1949 507 1989 Trist.
540 1950 577 1987 V
607 1958 639 1988 X
672 1951 725 1988 27
758 1953 792 1988 et
822 1953 948 1988 tamen
983 1951 1097 1988 intus.
1171 1951 1367 1992 servasset,

35 2007 117 2046 sine
150 2007 260 2057 signo
292 2008 386 2057 ullo,
419 2010 478 2046 est
510 2005 681 2047 ‘servare
713 2004 909 2057 debebat',
941 2010 986 2047 ut
1006 2008 1125 2045 Trist.
1144 2007 1205 2045 III
1224 2015 1308 2044 XIII
1330 2009 1368 2047 8.

153 2063 238 2104 664
269 2075 317 2104 IN
348 2074 478 2106 SACRI
509 2074 704 2105 VERTICE
735 2075 907 2106 MONTIS
932 2075 1066 2105 EGET.
1139 2065 1231 2103 libri
1260 2077 1366 2103 mon-

34 2125 82 2162 tis
113 2127 205 2168 erat,
236 2127 373 2163 montis
397 2127 485 2164 abit.
558 2137 662 2173 eyere
685 2124 866 2163 absolute
892 2125 1052 2174 dictum,
1083 2136 1160 2172 quo
1186 2124 1368 2162 convenit

34 2182 136 2231 quod
168 2183 345 2231 sequitur
375 2195 534 2232 quoque,
571 2186 751 2232 tempora
781 2184 992 2221 verborum
1022 2182 1176 2221 variata
1206 2184 1252 2220 ut
1283 2182 1367 2219 IIII

35 2242 116 2280 696
147 2243 227 2279 697
250 2241 285 2278 V
308 2243 386 2279 131
418 2244 499 2280 132
526 2243 621 2280 Met.
645 2241 766 2279 XIIII
785 2242 871 2280 460
897 2243 994 2280 462.
1144 2237 1227 2279 693
1254 2248 1369 2279 AMA-

32 2306 209 2348 TOREM,
243 2307 360 2338 CARA
391 2307 488 2338 EST.
561 2300 653 2338 libri
691 2303 898 2339 amatorem
936 2310 1066 2349 carae,
1111 2299 1215 2349 quod
1245 2299 1368 2337 fuerit
