1575 2474
210 754 257 793 In
287 755 360 793 1100
390 753 588 793 volumine
621 752 704 791 sola
736 750 883 789 Tristia
915 752 1024 800 sunt,
1061 762 1161 800 quae
1193 751 1427 799 apparatum

92 813 269 852 criticum
307 813 463 861 qualem
502 813 674 861 oportet,
714 810 886 848 nondum
922 809 1081 848 habent.
1154 808 1350 846 recensuit
1382 820 1428 846 ea

92 873 136 911 R..
169 872 336 909 Ehwald
366 871 427 909 vir
458 870 704 909 doctissimus
736 880 823 906 meo
855 870 1009 918 rogatu,
1041 867 1235 905 arbitratu
1268 869 1307 905 et
1339 866 1427 904 doe-

92 931 218 968 trinae
250 930 510 967 instrumento
537 941 619 977 suo,
651 927 794 966 collato
820 926 1045 964 Florentiae
1072 925 1203 964 codice
1229 925 1427 963 Marciano

92 989 276 1027 lacunoso
304 984 466 1039 (desunt
490 989 622 1036 partes
648 985 668 1024 I
694 995 709 1024 Ι
735 985 784 1023 ad
809 994 839 1022 V
867 987 932 1032 10,
963 984 1026 1022 ΙΙΙ
1050 993 1117 1023 VII
1143 984 1192 1022 ad
1216 983 1299 1021 IIII
1324 993 1340 1021 Ι
1363 984 1428 1032 12,

92 1047 174 1084 ΙΙΠ
198 1055 263 1084 VII
292 1047 314 1084 6
343 1046 392 1083 ad
416 1042 550 1097 finem)
585 1046 625 1082 et
656 1043 843 1082 adhibitis
875 1043 922 1081 de
947 1043 1102 1093 integro
1135 1043 1296 1092 aliquot,
1329 1054 1426 1091 quos

94 1117 385 1154 usui-paveram.
459 1105 505 1142 de
531 1104 672 1154 quibus
705 1115 793 1141 cum
826 1102 1052 1140 summatim
1081 1101 1157 1139 dici
1181 1114 1259 1139 non
1285 1101 1427 1140 condu-

94 1166 168 1211 cat,
203 1176 273 1201 nec
303 1164 527 1201 ubertatem
558 1162 816 1200 vindiciarum
848 1161 1030 1198 editionis
1064 1160 1219 1198 exilitas
1251 1159 1428 1209 recipiat,

95 1222 299 1260 coniuncta
329 1223 425 1259 haec
457 1221 586 1259 omnia
617 1221 694 1258 alio
725 1221 810 1258 1000
841 1219 1069 1268 propediem
1094 1231 1164 1257 nos
1191 1218 1430 1256 demeritura

97 1292 278 1330 auguror.

212 1338 380 1386 Reliqua
411 1338 636 1375 Nasoniana
671 1337 767 1374 haec
798 1336 926 1385 poesis
960 1336 1244 1385 supellectilem
1276 1347 1429 1385 compa-

95 1396 209 1435 ravit.
281 1397 373 1433 libri
414 1398 637 1444 temporum
681 1395 815 1432 ordine
857 1395 1088 1443 plerumque
1126 1394 1323 1443 dispositi,
1368 1407 1430 1432 cu-

94 1455 232 1504 iusque
278 1454 423 1492 saeculi
466 1454 639 1502 aliquam
682 1453 816 1499 multi,
859 1455 902 1490 ut
942 1455 1117 1491 aetatum
1154 1453 1430 1502 proprietates,

94 1513 294 1559 fallaciae,
334 1525 461 1562 nugae
493 1511 763 1550 translaticiae
795 1513 1020 1560 appareant.
1093 1511 1135 1548 in
1166 1524 1241 1560 quo
1274 1511 1432 1560 quidem

95 1584 238 1621 genere
262 1571 361 1609 nihil
387 1571 596 1609 admodum
620 1583 766 1608 novum
791 1571 1032 1619 reperietur,
1054 1570 1309 1608 confirmatur
1331 1582 1430 1619 qnae

95 1630 250 1668 aliunde
287 1630 328 1667 in
364 1631 592 1668 transcursu
629 1632 745 1678 parta
780 1628 923 1667 notitia
954 1629 1116 1666 haerere
1147 1629 1287 1677 potuit.
1363 1628 1431 1666 sed

94 1689 284 1737 notabile,
329 1691 476 1738 quanta
518 1688 559 1725 in
601 1688 661 1726 his
707 1687 861 1736 scriptis
905 1687 1185 1736 aequabilitate
1228 1687 1333 1724 inter
1369 1689 1431 1725 tot

95 1747 320 1785 discrimina
357 1750 397 1785 et
436 1747 670 1786 diverticula
705 1746 909 1795 paradosis
946 1748 1060 1784 vetus
1099 1748 1139 1783 et
1174 1758 1252 1783 una
1288 1745 1429 1794 persti-

94 1807 205 1854 terit,
243 1819 361 1855 quam
396 1806 438 1843 in
473 1806 561 1843 aliis
598 1805 774 1855 graviter
805 1816 1033 1843 concussam
1062 1817 1184 1853 prope
1216 1805 1432 1842 etiamnum

94 1865 284 1902 fluctuare
320 1864 510 1902 videmus.
581 1876 673 1901 nam
711 1864 815 1913 quod
851 1863 1000 1902 codices
1032 1862 1193 1912 quidam
1230 1862 1351 1900 Ibidis
1392 1865 1432 1900 et

94 1924 304 1962 Fastorum
347 1935 445 1961 saec.
476 1936 534 1961 ΧΠ
570 1922 776 1960 discedunt
810 1922 852 1960 in
890 1922 1122 1971 scripturas,
1163 1934 1262 1970 quae
1300 1933 1430 1959 recen-

96 1982 249 2020 sionum
273 1981 491 2031 priscarum
517 1994 600 2020 esse
626 1983 850 2030 potuerunt,
882 1981 992 2018 0111113
1017 1982 1152 2018 tamen
1176 1979 1267 2017 fidei
1292 1979 1431 2017 modus

97 2042 156 2078 est
181 2040 393 2090 faciendus,
420 2053 465 2079 ea
490 2052 532 2078 re
560 2039 774 2078 sustentari
798 2039 985 2078 videntur
1004 2039 1204 2088 compagis
1225 2038 1431 2077 universae

96 2111 165 2137 eae
197 2110 343 2148 partes,
376 2112 475 2148 quae
507 2101 782 2137 controversae
813 2110 892 2136 non
923 2099 1025 2136 sunt.

213 2157 276 2195 Ita
301 2158 356 2206 fit,
386 2160 432 2196 ut
464 2157 576 2207 siqua
606 2158 723 2207 paulo
750 2157 876 2194 acrior
901 2158 941 2195 et
964 2156 1155 2194 intentior
1181 2168 1273 2194 cura
1297 2155 1432 2193 critica

95 2216 144 2253 ad
175 2218 307 2266 partes
334 2218 506 2265 vocetur,
538 2218 624 2254 tota
656 2228 701 2253 ea
732 2215 967 2253 conferenda
993 2215 1044 2252 sit
1069 2215 1109 2252 in
1133 2215 1245 2262 hanc,
1278 2226 1377 2264 quae
1409 2226 1433 2251 a

95 2275 249 2314 saeculo
279 2283 321 2323 X,
352 2275 393 2312 in
423 2275 533 2313 Ibide
559 2283 641 2323 XII,
673 2274 877 2323 profluxit,
909 2273 1126 2311 carminum
1156 2272 1431 2312 conformatio-

1102 2338 1150 2373 a*
