<?xml version="1.0" encoding="UTF-8"?>
<!DOCTYPE html PUBLIC "-//W3C//DTD XHTML 1.0 Transitional//EN"
    "http://www.w3.org/TR/xhtml1/DTD/xhtml1-transitional.dtd">
<html xmlns="http://www.w3.org/1999/xhtml" xml:lang="en" lang="en">
 <head>
  <title>
</title>
<meta http-equiv="Content-Type" content="text/html;charset=utf-8" />
  <meta name='ocr-system' content='tesseract 3.04.00' />
  <meta name='ocr-capabilities' content='ocr_page ocr_carea ocr_par ocr_line ocrx_word'/>
</head>
<body>
  <div class='ocr_page' id='page_1' title='image "./operaovid01oviduoft_0031.png"; bbox 0 0 1601 2484; ppageno 0'>
   <div class='ocr_carea' id='block_1_1' title="bbox 1253 59 1390 94">
    <p class='ocr_par' dir='ltr' id='par_1_1' title="bbox 1253 59 1390 94">
     <span class='ocr_line' id='line_1_1' title="bbox 1253 59 1390 94; baseline -0.007 -1"><span class='ocrx_word' id='word_1_1' title='bbox 1253 59 1390 94; x_wconf 83' lang='lat' dir='ltr'>XXVII</span> 
     </span>
    </p>
   </div>
   <div class='ocr_carea' id='block_1_2' title="bbox 54 165 1392 2313">
    <p class='ocr_par' dir='ltr' id='par_1_2' title="bbox 59 165 1392 394">
     <span class='ocr_line' id='line_1_2' title="bbox 61 165 1390 219; baseline -0.004 -9"><span class='ocrx_word' id='word_1_2' title='bbox 61 183 193 219; x_wconf 72' lang='lat' dir='ltr'>aquas.</span> <span class='ocrx_word' id='word_1_3' title='bbox 266 169 415 208; x_wconf 81' lang='lat' dir='ltr'>correxi</span> <span class='ocrx_word' id='word_1_4' title='bbox 446 168 657 206; x_wconf 86' lang='lat' dir='ltr'>secundum</span> <span class='ocrx_word' id='word_1_5' title='bbox 694 168 801 208; x_wconf 87' lang='lat' dir='ltr'>Fast.</span> <span class='ocrx_word' id='word_1_6' title='bbox 833 168 852 206; x_wconf 93' lang='grc' dir='ltr'>Ι</span> <span class='ocrx_word' id='word_1_7' title='bbox 885 170 980 206; x_wconf 83' lang='grc'><strong>286.</strong></span> <span class='ocrx_word' id='word_1_8' title='bbox 1130 177 1160 206; x_wconf 90' lang='lat' dir='ltr'>V</span> <span class='ocrx_word' id='word_1_9' title='bbox 1196 165 1249 206; x_wconf 82' lang='lat'>41</span> <span class='ocrx_word' id='word_1_10' title='bbox 1291 169 1390 206; x_wconf 89' lang='lat' dir='ltr'>liber</span> 
     </span>
     <span class='ocr_line' id='line_1_3' title="bbox 62 227 1392 277; baseline -0.003 -10"><span class='ocrx_word' id='word_1_11' title='bbox 62 230 205 277; x_wconf 76' lang='lat' dir='ltr'>Querar</span> <span class='ocrx_word' id='word_1_12' title='bbox 246 231 290 266; x_wconf 72' lang='lat' dir='ltr'>ut</span> <span class='ocrx_word' id='word_1_13' title='bbox 327 228 516 266; x_wconf 63' lang='lat' dir='ltr'>interdum</span> <span class='ocrx_word' id='word_1_14' title='bbox 558 230 625 264; x_wconf 79' lang='lat' dir='ltr'>tua</span> <span class='ocrx_word' id='word_1_15' title='bbox 667 238 781 265; x_wconf 70' lang='lat' dir='ltr'>mens.</span> <span class='ocrx_word' id='word_1_16' title='bbox 854 227 957 276; x_wconf 87' lang='lat' dir='ltr'>quod</span> <span class='ocrx_word' id='word_1_17' title='bbox 995 227 1171 276; x_wconf 85' lang='lat' dir='ltr'>sequitur</span> <span class='ocrx_word' id='word_1_18' title='bbox 1207 229 1287 270; x_wconf 66' lang='lat' dir='ltr'>sui,</span> <span class='ocrx_word' id='word_1_19' title='bbox 1331 228 1392 264; x_wconf 89' lang='lat' dir='ltr'>est</span> 
     </span>
     <span class='ocr_line' id='line_1_4' title="bbox 59 285 1390 336; baseline -0.002 -11"><span class='ocrx_word' id='word_1_20' title='bbox 59 287 335 336; x_wconf 84' lang='lat' dir='ltr'>possessivum,</span> <span class='ocrx_word' id='word_1_21' title='bbox 360 288 405 323; x_wconf 89' lang='lat' dir='ltr'>ut</span> <span class='ocrx_word' id='word_1_22' title='bbox 430 286 521 323; x_wconf 86' lang='lat' dir='ltr'>Met.</span> <span class='ocrx_word' id='word_1_23' title='bbox 548 285 609 322; x_wconf 91' lang='lat' dir='ltr'>III</span> <span class='ocrx_word' id='word_1_24' title='bbox 634 286 731 333; x_wconf 83' lang='lat'>435,</span> <span class='ocrx_word' id='word_1_25' title='bbox 756 297 834 322; x_wconf 90' lang='lat' dir='ltr'>non</span> <span class='ocrx_word' id='word_1_26' title='bbox 859 287 904 322; x_wconf 88' lang='lat' dir='ltr'>ut</span> <span class='ocrx_word' id='word_1_27' title='bbox 928 285 1040 323; x_wconf 87' lang='lat' dir='ltr'>Pont.</span> <span class='ocrx_word' id='word_1_28' title='bbox 1067 285 1147 322; x_wconf 91' lang='grc' dir='ltr'>ΙΙΠ</span> <span class='ocrx_word' id='word_1_29' title='bbox 1173 293 1273 322; x_wconf 90' lang='lat' dir='ltr'>VIIII</span> <span class='ocrx_word' id='word_1_30' title='bbox 1297 286 1390 323; x_wconf 86' lang='lat'>100.</span> 
     </span>
     <span class='ocr_line' id='line_1_5' title="bbox 59 343 1243 394; baseline -0.002 -12"><span class='ocrx_word' id='word_1_31' title='bbox 59 345 236 394; x_wconf 83' lang='lat' dir='ltr'>proximo</span> <span class='ocrx_word' id='word_1_32' title='bbox 267 356 384 382; x_wconf 86' lang='lat' dir='ltr'>versu</span> <span class='ocrx_word' id='word_1_33' title='bbox 416 343 537 390; x_wconf 73' lang='lat' dir='ltr'>thue</span> <span class='ocrx_word' id='word_1_34' title='bbox 560 343 750 380; x_wconf 87' lang='lat' dir='ltr'>librorum</span> <span class='ocrx_word' id='word_1_35' title='bbox 776 343 840 380; x_wconf 81' lang='lat' dir='ltr'>vix</span> <span class='ocrx_word' id='word_1_36' title='bbox 866 345 936 391; x_wconf 80' lang='lat' dir='ltr'>est,</span> <span class='ocrx_word' id='word_1_37' title='bbox 962 355 1031 380; x_wconf 89' lang='lat' dir='ltr'>cur</span> <span class='ocrx_word' id='word_1_38' title='bbox 1055 344 1243 381; x_wconf 84' lang='lat' dir='ltr'>mutetur.</span> 
     </span>
    </p>

    <p class='ocr_par' dir='ltr' id='par_1_3' title="bbox 55 400 1392 1031">
     <span class='ocr_line' id='line_1_6' title="bbox 60 400 1390 448; baseline -0.003 -7"><span class='ocrx_word' id='word_1_39' title='bbox 60 412 161 441; x_wconf 86' lang='lat' dir='ltr'>VIIII</span> <span class='ocrx_word' id='word_1_40' title='bbox 187 400 240 441; x_wconf 80' lang='lat'>21</span> <span class='ocrx_word' id='word_1_41' title='bbox 268 402 458 439; x_wconf 87' lang='lat' dir='ltr'>librorum</span> <span class='ocrx_word' id='word_1_42' title='bbox 484 402 591 439; x_wconf 78' lang='lat' dir='ltr'>labor</span> <span class='ocrx_word' id='word_1_43' title='bbox 614 403 823 448; x_wconf 71' lang='lat' dir='ltr'>minuitque</span> <span class='ocrx_word' id='word_1_44' title='bbox 848 402 1015 439; x_wconf 80' lang='lat' dir='ltr'>laborem</span> <span class='ocrx_word' id='word_1_45' title='bbox 1038 413 1116 438; x_wconf 89' lang='lat' dir='ltr'>non</span> <span class='ocrx_word' id='word_1_46' title='bbox 1140 401 1270 438; x_wconf 84' lang='lat' dir='ltr'>visum</span> <span class='ocrx_word' id='word_1_47' title='bbox 1294 400 1390 438; x_wconf 85' lang='lat' dir='ltr'>ferri</span> 
     </span>
     <span class='ocr_line' id='line_1_7' title="bbox 59 459 1390 510; baseline -0.002 -12"><span class='ocrx_word' id='word_1_48' title='bbox 59 473 190 510; x_wconf 79' lang='lat' dir='ltr'>posse3</span> <span class='ocrx_word' id='word_1_49' title='bbox 223 460 326 509; x_wconf 87' lang='lat' dir='ltr'>quod</span> <span class='ocrx_word' id='word_1_50' title='bbox 357 459 505 508; x_wconf 81' lang='lat' dir='ltr'>scripsi,</span> <span class='ocrx_word' id='word_1_51' title='bbox 537 459 815 508; x_wconf 75' lang='lat' dir='ltr'>suppeditabat</span> <span class='ocrx_word' id='word_1_52' title='bbox 845 471 981 497; x_wconf 85' lang='lat' dir='ltr'>versus</span> <span class='ocrx_word' id='word_1_53' title='bbox 1007 459 1219 507; x_wconf 82' lang='lat' dir='ltr'>proximus,</span> <span class='ocrx_word' id='word_1_54' title='bbox 1249 459 1290 495; x_wconf 92' lang='lat' dir='ltr'>in</span> <span class='ocrx_word' id='word_1_55' title='bbox 1315 470 1390 507; x_wconf 86' lang='lat' dir='ltr'>quo</span> 
     </span>
     <span class='ocr_line' id='line_1_8' title="bbox 59 517 1390 565; baseline -0.002 -9"><span class='ocrx_word' id='word_1_56' title='bbox 59 522 190 556; x_wconf 86' lang='lat' dir='ltr'>tamen</span> <span class='ocrx_word' id='word_1_57' title='bbox 242 517 409 565; x_wconf 74' lang='lat' dir='ltr'>Cumque</span> <span class='ocrx_word' id='word_1_58' title='bbox 456 529 524 556; x_wconf 74' lang='lat' dir='ltr'>suo</span> <span class='ocrx_word' id='word_1_59' title='bbox 573 529 740 556; x_wconf 71' lang='lat' dir='ltr'>crescens</span> <span class='ocrx_word' id='word_1_60' title='bbox 780 521 930 565; x_wconf 72' lang='lat' dir='ltr'>pectore</span> <span class='ocrx_word' id='word_1_61' title='bbox 983 529 1061 554; x_wconf 88' lang='lat' dir='ltr'>non</span> <span class='ocrx_word' id='word_1_62' title='bbox 1108 517 1390 565; x_wconf 86' lang='lat' dir='ltr'>intelligebam.</span> 
     </span>
     <span class='ocr_line' id='line_1_9' title="bbox 59 575 1390 624; baseline -0.002 -9"><span class='ocrx_word' id='word_1_63' title='bbox 59 577 148 614; x_wconf 90' lang='lat' dir='ltr'>dedi</span> <span class='ocrx_word' id='word_1_64' title='bbox 179 588 360 624; x_wconf 72' lang='lat' dir='ltr'>quassum</span> <span class='ocrx_word' id='word_1_65' title='bbox 382 579 532 623; x_wconf 69' lang='lat' dir='ltr'>peetus,</span> <span class='ocrx_word' id='word_1_66' title='bbox 570 577 615 613; x_wconf 90' lang='lat' dir='ltr'>ut</span> <span class='ocrx_word' id='word_1_67' title='bbox 653 577 744 613; x_wconf 88' lang='lat' dir='ltr'>sunt</span> <span class='ocrx_word' id='word_1_68' title='bbox 781 579 948 623; x_wconf 72' lang='lat' dir='ltr'>tempora</span> <span class='ocrx_word' id='word_1_69' title='bbox 979 586 1121 622; x_wconf 75' lang='lat' dir='ltr'>quassa</span> <span class='ocrx_word' id='word_1_70' title='bbox 1152 575 1261 611; x_wconf 85' lang='lat' dir='ltr'>Rem.</span> <span class='ocrx_word' id='word_1_71' title='bbox 1298 576 1390 622; x_wconf 89' lang='lat'>146,</span> 
     </span>
     <span class='ocr_line' id='line_1_10' title="bbox 57 629 1392 682; baseline -0.003 -9"><span class='ocrx_word' id='word_1_72' title='bbox 57 639 217 673; x_wconf 74' lang='lat' dir='ltr'>mentem</span> <span class='ocrx_word' id='word_1_73' title='bbox 247 636 368 682; x_wconf 67' lang='lat' dir='ltr'>quatit</span> <span class='ocrx_word' id='word_1_74' title='bbox 396 635 521 672; x_wconf 67' lang='lat' dir='ltr'>incola</span> <span class='ocrx_word' id='word_1_75' title='bbox 544 634 705 681; x_wconf 67' lang='lat' dir='ltr'>Pythius</span> <span class='ocrx_word' id='word_1_76' title='bbox 735 634 838 682; x_wconf 88' lang='lat' dir='ltr'>apud</span> <span class='ocrx_word' id='word_1_77' title='bbox 869 633 1090 670; x_wconf 74' lang='lat' dir='ltr'>Horatium.</span> <span class='ocrx_word' id='word_1_78' title='bbox 1241 629 1296 670; x_wconf 76' lang='lat'>26</span> <span class='ocrx_word' id='word_1_79' title='bbox 1331 644 1392 669; x_wconf 73' lang='lat' dir='ltr'>ezc-</span> 
     </span>
     <span class='ocr_line' id='line_1_11' title="bbox 55 691 1391 742; baseline -0.003 -11"><span class='ocrx_word' id='word_1_80' title='bbox 55 695 139 742; x_wconf 59' lang='lat' dir='ltr'>pide·</span> <span class='ocrx_word' id='word_1_81' title='bbox 170 705 304 731; x_wconf 75' lang='lat' dir='ltr'>cursus</span> <span class='ocrx_word' id='word_1_82' title='bbox 334 693 525 730; x_wconf 87' lang='lat' dir='ltr'>librorum</span> <span class='ocrx_word' id='word_1_83' title='bbox 555 692 706 730; x_wconf 85' lang='lat' dir='ltr'>mutavi</span> <span class='ocrx_word' id='word_1_84' title='bbox 737 692 843 730; x_wconf 86' lang='lat' dir='ltr'>facili</span> <span class='ocrx_word' id='word_1_85' title='bbox 873 691 1128 729; x_wconf 72' lang='lat' dir='ltr'>correctione:</span> <span class='ocrx_word' id='word_1_86' title='bbox 1166 691 1391 728; x_wconf 85' lang='lat' dir='ltr'>litterarum</span> 
     </span>
     <span class='ocr_line' id='line_1_12' title="bbox 59 749 1390 799; baseline -0.002 -11"><span class='ocrx_word' id='word_1_87' title='bbox 59 764 104 789; x_wconf 75' lang='lat' dir='ltr'>en</span> <span class='ocrx_word' id='word_1_88' title='bbox 139 751 285 788; x_wconf 89' lang='lat' dir='ltr'>lineola</span> <span class='ocrx_word' id='word_1_89' title='bbox 317 750 481 799; x_wconf 87' lang='lat' dir='ltr'>directa,</span> <span class='ocrx_word' id='word_1_90' title='bbox 518 763 568 788; x_wconf 74' lang='lat' dir='ltr'>ur</span> <span class='ocrx_word' id='word_1_91' title='bbox 604 750 776 798; x_wconf 86' lang='lat' dir='ltr'>crispata</span> <span class='ocrx_word' id='word_1_92' title='bbox 808 751 867 787; x_wconf 90' lang='lat' dir='ltr'>est</span> <span class='ocrx_word' id='word_1_93' title='bbox 898 749 1179 797; x_wconf 84' lang='lat' dir='ltr'>compendium.</span> <span class='ocrx_word' id='word_1_94' title='bbox 1253 761 1390 786; x_wconf 86' lang='lat' dir='ltr'>censor</span> 
     </span>
     <span class='ocr_line' id='line_1_13' title="bbox 58 806 1391 857; baseline -0.002 -11"><span class='ocrx_word' id='word_1_95' title='bbox 58 809 310 847; x_wconf 73' lang='lat' dir='ltr'>Aristarchus</span> <span class='ocrx_word' id='word_1_96' title='bbox 334 809 465 857; x_wconf 89' lang='lat' dir='ltr'>potuit</span> <span class='ocrx_word' id='word_1_97' title='bbox 484 808 693 846; x_wconf 86' lang='lat' dir='ltr'>admonere</span> <span class='ocrx_word' id='word_1_98' title='bbox 714 819 851 845; x_wconf 89' lang='lat' dir='ltr'>census</span> <span class='ocrx_word' id='word_1_99' title='bbox 873 807 1018 845; x_wconf 84' lang='lat' dir='ltr'>ordinis</span> <span class='ocrx_word' id='word_1_100' title='bbox 1039 806 1243 856; x_wconf 87' lang='lat' dir='ltr'>equestris,</span> <span class='ocrx_word' id='word_1_101' title='bbox 1275 819 1391 856; x_wconf 85' lang='lat' dir='ltr'>quem</span> 
     </span>
     <span class='ocr_line' id='line_1_14' title="bbox 57 866 1392 916; baseline -0.001 -12"><span class='ocrx_word' id='word_1_102' title='bbox 57 870 174 916; x_wconf 86' lang='lat' dir='ltr'>poeta</span> <span class='ocrx_word' id='word_1_103' title='bbox 200 867 350 904; x_wconf 86' lang='lat' dir='ltr'>subisse</span> <span class='ocrx_word' id='word_1_104' title='bbox 377 879 418 903; x_wconf 86' lang='lat' dir='ltr'>se</span> <span class='ocrx_word' id='word_1_105' title='bbox 444 868 723 904; x_wconf 80' lang='lat' dir='ltr'>commemorat</span> <span class='ocrx_word' id='word_1_106' title='bbox 749 866 867 903; x_wconf 87' lang='lat' dir='ltr'>Trist.</span> <span class='ocrx_word' id='word_1_107' title='bbox 893 866 933 903; x_wconf 88' lang='lat' dir='ltr'>II</span> <span class='ocrx_word' id='word_1_108' title='bbox 961 867 1057 903; x_wconf 82' lang='lat'>542.</span> <span class='ocrx_word' id='word_1_109' title='bbox 1090 867 1250 913; x_wconf 68' lang='lat' dir='ltr'>cupidus</span> <span class='ocrx_word' id='word_1_110' title='bbox 1275 877 1392 912; x_wconf 69' lang='lat' dir='ltr'>equus</span> 
     </span>
     <span class='ocr_line' id='line_1_15' title="bbox 57 924 1389 974; baseline -0.001 -12"><span class='ocrx_word' id='word_1_111' title='bbox 57 926 219 974; x_wconf 88' lang='lat' dir='ltr'>paulum</span> <span class='ocrx_word' id='word_1_112' title='bbox 249 925 437 973; x_wconf 79' lang='lat' dir='ltr'>insolens3</span> <span class='ocrx_word' id='word_1_113' title='bbox 471 927 530 962; x_wconf 84' lang='lat' dir='ltr'>est</span> <span class='ocrx_word' id='word_1_114' title='bbox 561 924 689 962; x_wconf 86' lang='lat' dir='ltr'>minus</span> <span class='ocrx_word' id='word_1_115' title='bbox 722 924 825 972; x_wconf 87' lang='lat' dir='ltr'>apud</span> <span class='ocrx_word' id='word_1_116' title='bbox 855 924 1084 962; x_wconf 88' lang='lat' dir='ltr'>Lucretium</span> <span class='ocrx_word' id='word_1_117' title='bbox 1114 924 1155 961; x_wconf 93' lang='grc' dir='ltr'>Π</span> <span class='ocrx_word' id='word_1_118' title='bbox 1188 925 1270 962; x_wconf 82' lang='grc'>265</span> <span class='ocrx_word' id='word_1_119' title='bbox 1296 935 1389 971; x_wconf 74' lang='lat' dir='ltr'>pro-</span> 
     </span>
     <span class='ocr_line' id='line_1_16' title="bbox 57 983 784 1031; baseline 0 -10"><span class='ocrx_word' id='word_1_120' title='bbox 57 995 232 1031; x_wconf 69' lang='lat' dir='ltr'>rumpere</span> <span class='ocrx_word' id='word_1_121' title='bbox 263 995 441 1030; x_wconf 75' lang='lat' dir='ltr'>equorum</span> <span class='ocrx_word' id='word_1_122' title='bbox 480 983 566 1021; x_wconf 68' lang='lat' dir='ltr'>Vim</span> <span class='ocrx_word' id='word_1_123' title='bbox 598 984 784 1030; x_wconf 72' lang='lat' dir='ltr'>eupiclam.</span> 
     </span>
    </p>

    <p class='ocr_par' dir='ltr' id='par_1_4' title="bbox 58 1038 1389 1379">
     <span class='ocr_line' id='line_1_17' title="bbox 174 1038 1386 1088; baseline -0.002 -10"><span class='ocrx_word' id='word_1_124' title='bbox 174 1041 258 1078; x_wconf 88' lang='lat' dir='ltr'>Lib.</span> <span class='ocrx_word' id='word_1_125' title='bbox 280 1041 363 1078; x_wconf 85' lang='lat' dir='ltr'>IIII</span> <span class='ocrx_word' id='word_1_126' title='bbox 382 1049 416 1078; x_wconf 91' lang='grc' dir='ltr'>ΙΙ</span> <span class='ocrx_word' id='word_1_127' title='bbox 445 1038 496 1078; x_wconf 84' lang='grc'>17</span> <span class='ocrx_word' id='word_1_128' title='bbox 524 1042 565 1078; x_wconf 63' lang='grc' dir='ltr'>ἐπ</span> <span class='ocrx_word' id='word_1_129' title='bbox 589 1042 704 1079; x_wconf 67' lang='lat' dir='ltr'>maelis</span> <span class='ocrx_word' id='word_1_130' title='bbox 734 1040 862 1078; x_wconf 88' lang='lat' dir='ltr'>minus</span> <span class='ocrx_word' id='word_1_131' title='bbox 891 1040 990 1078; x_wconf 90' lang='lat' dir='ltr'>bene</span> <span class='ocrx_word' id='word_1_132' title='bbox 1015 1040 1189 1088; x_wconf 87' lang='lat' dir='ltr'>positum</span> <span class='ocrx_word' id='word_1_133' title='bbox 1213 1039 1386 1088; x_wconf 70' lang='lat' dir='ltr'>videtur,</span> 
     </span>
     <span class='ocr_line' id='line_1_18' title="bbox 59 1098 1389 1148; baseline -0.002 -11"><span class='ocrx_word' id='word_1_134' title='bbox 59 1100 305 1148; x_wconf 81' lang='lat' dir='ltr'>temptabam</span> <span class='ocrx_word' id='word_1_135' title='bbox 334 1100 491 1146; x_wconf 75' lang='lat' dir='ltr'>hiulcas,</span> <span class='ocrx_word' id='word_1_136' title='bbox 525 1098 627 1148; x_wconf 88' lang='lat' dir='ltr'>quod</span> <span class='ocrx_word' id='word_1_137' title='bbox 660 1099 917 1147; x_wconf 79' lang='lat' dir='ltr'>expressisset</span> <span class='ocrx_word' id='word_1_138' title='bbox 950 1098 1099 1136; x_wconf 82' lang='lat' dir='ltr'>Statius</span> <span class='ocrx_word' id='word_1_139' title='bbox 1132 1098 1253 1136; x_wconf 87' lang='lat' dir='ltr'>Theb.</span> <span class='ocrx_word' id='word_1_140' title='bbox 1288 1106 1389 1136; x_wconf 82' lang='lat' dir='ltr'>VIIII</span> 
     </span>
     <span class='ocr_line' id='line_1_19' title="bbox 59 1157 1389 1205; baseline -0.002 -10"><span class='ocrx_word' id='word_1_141' title='bbox 59 1159 144 1195; x_wconf 84' lang='lat'>450</span> <span class='ocrx_word' id='word_1_142' title='bbox 175 1159 308 1195; x_wconf 71' lang='lat' dir='ltr'>hiulcis</span> <span class='ocrx_word' id='word_1_143' title='bbox 338 1159 501 1204; x_wconf 67' lang='lat' dir='ltr'>flumina</span> <span class='ocrx_word' id='word_1_144' title='bbox 531 1159 636 1195; x_wconf 74' lang='lat' dir='ltr'>vems</span> <span class='ocrx_word' id='word_1_145' title='bbox 672 1157 856 1205; x_wconf 66' lang='lat' dir='ltr'>Suyyerit.</span> <span class='ocrx_word' id='word_1_146' title='bbox 929 1157 1106 1205; x_wconf 81' lang='lat' dir='ltr'>proximo</span> <span class='ocrx_word' id='word_1_147' title='bbox 1139 1168 1256 1195; x_wconf 87' lang='lat' dir='ltr'>versu</span> <span class='ocrx_word' id='word_1_148' title='bbox 1287 1157 1389 1194; x_wconf 76' lang='lat' dir='ltr'>Lae-</span> 
     </span>
     <span class='ocr_line' id='line_1_20' title="bbox 59 1213 1388 1262; baseline -0.002 -9"><span class='ocrx_word' id='word_1_149' title='bbox 59 1227 174 1262; x_wconf 73' lang='lat' dir='ltr'>saqzte</span> <span class='ocrx_word' id='word_1_150' title='bbox 193 1216 384 1253; x_wconf 90' lang='lat' dir='ltr'>librorum</span> <span class='ocrx_word' id='word_1_151' title='bbox 403 1215 563 1253; x_wconf 86' lang='lat' dir='ltr'>mutavi.</span> <span class='ocrx_word' id='word_1_152' title='bbox 684 1224 733 1253; x_wconf 89' lang='lat' dir='ltr'>VI</span> <span class='ocrx_word' id='word_1_153' title='bbox 753 1213 809 1253; x_wconf 82' lang='lat'>34</span> <span class='ocrx_word' id='word_1_154' title='bbox 834 1215 1025 1252; x_wconf 86' lang='lat' dir='ltr'>librorum</span> <span class='ocrx_word' id='word_1_155' title='bbox 1050 1217 1206 1253; x_wconf 72' lang='lat' dir='ltr'>tinctum</span> <span class='ocrx_word' id='word_1_156' title='bbox 1223 1227 1301 1252; x_wconf 90' lang='lat' dir='ltr'>non</span> <span class='ocrx_word' id='word_1_157' title='bbox 1321 1215 1388 1251; x_wconf 88' lang='lat' dir='ltr'>ha-</span> 
     </span>
     <span class='ocr_line' id='line_1_21' title="bbox 60 1270 1388 1321; baseline -0.001 -11"><span class='ocrx_word' id='word_1_158' title='bbox 60 1273 216 1321; x_wconf 88' lang='lat' dir='ltr'>bebam,</span> <span class='ocrx_word' id='word_1_159' title='bbox 249 1285 324 1321; x_wconf 88' lang='lat' dir='ltr'>quo</span> <span class='ocrx_word' id='word_1_160' title='bbox 355 1275 499 1310; x_wconf 87' lang='lat' dir='ltr'>tuerer.</span> <span class='ocrx_word' id='word_1_161' title='bbox 649 1282 752 1311; x_wconf 84' lang='lat' dir='ltr'>VIIII</span> <span class='ocrx_word' id='word_1_162' title='bbox 780 1270 832 1310; x_wconf 77' lang='lat'>79</span> <span class='ocrx_word' id='word_1_163' title='bbox 863 1275 1059 1311; x_wconf 67' lang='lat' dir='ltr'>Troesmin</span> <span class='ocrx_word' id='word_1_164' title='bbox 1088 1273 1290 1321; x_wconf 86' lang='lat' dir='ltr'>inscriptio</span> <span class='ocrx_word' id='word_1_165' title='bbox 1321 1273 1388 1309; x_wconf 89' lang='lat' dir='ltr'>ha-</span> 
     </span>
     <span class='ocr_line' id='line_1_22' title="bbox 58 1330 1242 1379; baseline 0.001 -12"><span class='ocrx_word' id='word_1_166' title='bbox 58 1332 142 1378; x_wconf 85' lang='lat' dir='ltr'>bet,</span> <span class='ocrx_word' id='word_1_167' title='bbox 186 1331 385 1379; x_wconf 85' lang='lat' dir='ltr'>publicata</span> <span class='ocrx_word' id='word_1_168' title='bbox 428 1331 470 1368; x_wconf 91' lang='lat' dir='ltr'>in</span> <span class='ocrx_word' id='word_1_169' title='bbox 510 1330 651 1369; x_wconf 57' lang='lat' dir='ltr'>Butler.</span> <span class='ocrx_word' id='word_1_170' title='bbox 694 1332 734 1369; x_wconf 62' lang='lat' dir='ltr'>de·</span> <span class='ocrx_word' id='word_1_171' title='bbox 777 1333 934 1378; x_wconf 56' lang='grc' dir='ltr'>σον-φιλῇ).</span> <span class='ocrx_word' id='word_1_172' title='bbox 978 1332 1079 1369; x_wconf 76' lang='lat' dir='ltr'>arch.</span> <span class='ocrx_word' id='word_1_173' title='bbox 1119 1332 1242 1369; x_wconf 84' lang='grc'>1864.</span> 
     </span>
    </p>

    <p class='ocr_par' dir='ltr' id='par_1_5' title="bbox 56 1386 1389 1496">
     <span class='ocr_line' id='line_1_23' title="bbox 58 1386 1389 1436; baseline -0.001 -9"><span class='ocrx_word' id='word_1_174' title='bbox 58 1398 89 1427; x_wconf 83' lang='grc' dir='ltr'>Χ</span> <span class='ocrx_word' id='word_1_175' title='bbox 119 1386 176 1426; x_wconf 76' lang='grc'>42</span> <span class='ocrx_word' id='word_1_176' title='bbox 206 1389 298 1426; x_wconf 85' lang='lat' dir='ltr'>libri</span> <span class='ocrx_word' id='word_1_177' title='bbox 328 1389 383 1426; x_wconf 72' lang='lat' dir='ltr'>Et-</span> <span class='ocrx_word' id='word_1_178' title='bbox 411 1390 528 1426; x_wconf 76' lang='lat' dir='ltr'>sumit</span> <span class='ocrx_word' id='word_1_179' title='bbox 556 1392 656 1427; x_wconf 79' lang='lat' dir='ltr'>vires</span> <span class='ocrx_word' id='word_1_180' title='bbox 687 1401 712 1427; x_wconf 82' lang='lat' dir='ltr'>a</span> <span class='ocrx_word' id='word_1_181' title='bbox 734 1392 916 1436; x_wconf 69' lang='lat' dir='ltr'>propiore</span> <span class='ocrx_word' id='word_1_182' title='bbox 946 1390 1034 1427; x_wconf 80' lang='lat' dir='ltr'>loeo.</span> <span class='ocrx_word' id='word_1_183' title='bbox 1107 1390 1202 1427; x_wconf 69' lang='lat' dir='ltr'>caeli</span> <span class='ocrx_word' id='word_1_184' title='bbox 1237 1401 1389 1432; x_wconf 80' lang='lat' dir='ltr'>morem,</span> 
     </span>
     <span class='ocr_line' id='line_1_24' title="bbox 56 1446 1389 1496; baseline 0.001 -11"><span class='ocrx_word' id='word_1_185' title='bbox 56 1447 234 1485; x_wconf 71' lang='lat' dir='ltr'>Hadriae</span> <span class='ocrx_word' id='word_1_186' title='bbox 263 1458 386 1484; x_wconf 77' lang='lat' dir='ltr'>mores</span> <span class='ocrx_word' id='word_1_187' title='bbox 415 1447 563 1484; x_wconf 87' lang='lat' dir='ltr'>habent</span> <span class='ocrx_word' id='word_1_188' title='bbox 588 1447 706 1496; x_wconf 90' lang='lat' dir='ltr'>Verg.</span> <span class='ocrx_word' id='word_1_189' title='bbox 727 1446 796 1486; x_wconf 84' lang='lat' dir='ltr'>Ge.</span> <span class='ocrx_word' id='word_1_190' title='bbox 816 1447 835 1484; x_wconf 91' lang='grc' dir='ltr'><strong>Ι</strong></span> <span class='ocrx_word' id='word_1_191' title='bbox 855 1448 922 1496; x_wconf 86' lang='lat'>51,</span> <span class='ocrx_word' id='word_1_192' title='bbox 955 1447 1053 1485; x_wconf 82' lang='lat' dir='ltr'>Stat.</span> <span class='ocrx_word' id='word_1_193' title='bbox 1074 1447 1166 1486; x_wconf 81' lang='lat' dir='ltr'>Silv.</span> <span class='ocrx_word' id='word_1_194' title='bbox 1187 1447 1249 1484; x_wconf 87' lang='lat' dir='ltr'>III</span> <span class='ocrx_word' id='word_1_195' title='bbox 1269 1456 1302 1484; x_wconf 90' lang='lat'>11</span> <span class='ocrx_word' id='word_1_196' title='bbox 1324 1449 1389 1486; x_wconf 79' lang='lat'>87.</span> 
     </span>
    </p>

    <p class='ocr_par' dir='ltr' id='par_1_6' title="bbox 56 1502 1390 1670">
     <span class='ocr_line' id='line_1_25' title="bbox 174 1502 1390 1554; baseline -0.001 -11"><span class='ocrx_word' id='word_1_197' title='bbox 174 1514 236 1543; x_wconf 89' lang='lat' dir='ltr'>XV</span> <span class='ocrx_word' id='word_1_198' title='bbox 268 1502 324 1543; x_wconf 78' lang='grc'>25</span> <span class='ocrx_word' id='word_1_199' title='bbox 360 1504 452 1542; x_wconf 86' lang='lat' dir='ltr'>libri</span> <span class='ocrx_word' id='word_1_200' title='bbox 482 1505 644 1543; x_wconf 32' lang='lat' dir='ltr'>Ero-orris</span> <span class='ocrx_word' id='word_1_201' title='bbox 680 1517 786 1551; x_wconf 67' lang='lat' dir='ltr'>ozam,</span> <span class='ocrx_word' id='word_1_202' title='bbox 825 1505 928 1553; x_wconf 89' lang='lat' dir='ltr'>quod</span> <span class='ocrx_word' id='word_1_203' title='bbox 965 1505 1041 1542; x_wconf 88' lang='lat' dir='ltr'>nisi</span> <span class='ocrx_word' id='word_1_204' title='bbox 1072 1517 1189 1554; x_wconf 82' lang='lat' dir='ltr'>aegre</span> <span class='ocrx_word' id='word_1_205' title='bbox 1221 1505 1390 1554; x_wconf 80' lang='lat' dir='ltr'>intelligi</span> 
     </span>
     <span class='ocr_line' id='line_1_26' title="bbox 56 1562 1389 1612; baseline 0.001 -12"><span class='ocrx_word' id='word_1_206' title='bbox 56 1563 209 1612; x_wconf 87' lang='lat' dir='ltr'>nequit,</span> <span class='ocrx_word' id='word_1_207' title='bbox 253 1575 490 1612; x_wconf 86' lang='lat' dir='ltr'>quamquam</span> <span class='ocrx_word' id='word_1_208' title='bbox 532 1575 602 1601; x_wconf 88' lang='lat' dir='ltr'>nec</span> <span class='ocrx_word' id='word_1_209' title='bbox 645 1563 833 1601; x_wconf 87' lang='lat' dir='ltr'>correctio</span> <span class='ocrx_word' id='word_1_210' title='bbox 872 1563 1075 1601; x_wconf 84' lang='lat' dir='ltr'>satisfacit.</span> <span class='ocrx_word' id='word_1_211' title='bbox 1215 1573 1294 1602; x_wconf 83' lang='lat' dir='ltr'>XVI</span> <span class='ocrx_word' id='word_1_212' title='bbox 1337 1562 1389 1601; x_wconf 76' lang='lat'>15</span> 
     </span>
     <span class='ocr_line' id='line_1_27' title="bbox 58 1621 1135 1670; baseline 0 -11"><span class='ocrx_word' id='word_1_213' title='bbox 58 1621 201 1669; x_wconf 73' lang='lat' dir='ltr'>Quique</span> <span class='ocrx_word' id='word_1_214' title='bbox 230 1621 491 1659; x_wconf 72' lang='lat' dir='ltr'>Smatroneem</span> <span class='ocrx_word' id='word_1_215' title='bbox 522 1621 716 1670; x_wconf 83' lang='lat' dir='ltr'>Bergkius</span> <span class='ocrx_word' id='word_1_216' title='bbox 749 1621 888 1670; x_wconf 88' lang='lat' dir='ltr'>Opusc.</span> <span class='ocrx_word' id='word_1_217' title='bbox 919 1622 939 1659; x_wconf 93' lang='lat' dir='ltr'>I</span> <span class='ocrx_word' id='word_1_218' title='bbox 968 1635 1005 1670; x_wconf 89' lang='lat' dir='ltr'>p.</span> <span class='ocrx_word' id='word_1_219' title='bbox 1040 1623 1135 1659; x_wconf 84' lang='lat'>664.</span> 
     </span>
    </p>

    <p class='ocr_par' dir='ltr' id='par_1_7' title="bbox 55 1679 1389 1905">
     <span class='ocr_line' id='line_1_28' title="bbox 173 1679 1389 1729; baseline 0.001 -12"><span class='ocrx_word' id='word_1_220' title='bbox 173 1679 378 1717; x_wconf 86' lang='lat' dir='ltr'>Postremo</span> <span class='ocrx_word' id='word_1_221' title='bbox 413 1692 483 1718; x_wconf 89' lang='lat' dir='ltr'>nec</span> <span class='ocrx_word' id='word_1_222' title='bbox 520 1679 730 1718; x_wconf 87' lang='lat' dir='ltr'>Fastorum</span> <span class='ocrx_word' id='word_1_223' title='bbox 774 1680 931 1729; x_wconf 86' lang='lat' dir='ltr'>quidem</span> <span class='ocrx_word' id='word_1_224' title='bbox 974 1680 1195 1717; x_wconf 85' lang='lat' dir='ltr'>emendatio</span> <span class='ocrx_word' id='word_1_225' title='bbox 1236 1680 1305 1717; x_wconf 86' lang='lat' dir='ltr'>illa</span> <span class='ocrx_word' id='word_1_226' title='bbox 1343 1680 1389 1718; x_wconf 88' lang='lat' dir='ltr'>de</span> 
     </span>
     <span class='ocr_line' id='line_1_29' title="bbox 57 1737 1389 1788; baseline -0.001 -12"><span class='ocrx_word' id='word_1_227' title='bbox 57 1737 261 1787; x_wconf 87' lang='lat' dir='ltr'>archetypi</span> <span class='ocrx_word' id='word_1_228' title='bbox 290 1738 445 1787; x_wconf 80' lang='lat' dir='ltr'>paginis</span> <span class='ocrx_word' id='word_1_229' title='bbox 478 1738 704 1788; x_wconf 88' lang='lat' dir='ltr'>quaestione</span> <span class='ocrx_word' id='word_1_230' title='bbox 739 1738 992 1787; x_wconf 89' lang='lat' dir='ltr'>supersedere</span> <span class='ocrx_word' id='word_1_231' title='bbox 1023 1741 1170 1787; x_wconf 86' lang='lat' dir='ltr'>potest,</span> <span class='ocrx_word' id='word_1_232' title='bbox 1210 1739 1242 1776; x_wconf 88' lang='lat' dir='ltr'>si</span> <span class='ocrx_word' id='word_1_233' title='bbox 1272 1739 1389 1776; x_wconf 89' lang='lat' dir='ltr'>inter-</span> 
     </span>
     <span class='ocr_line' id='line_1_30' title="bbox 55 1796 1388 1845; baseline 0.001 -12"><span class='ocrx_word' id='word_1_234' title='bbox 55 1796 265 1844; x_wconf 88' lang='lat' dir='ltr'>polationis</span> <span class='ocrx_word' id='word_1_235' title='bbox 310 1797 516 1834; x_wconf 83' lang='lat' dir='ltr'>diversitas</span> <span class='ocrx_word' id='word_1_236' title='bbox 554 1797 903 1834; x_wconf 86' lang='lat' dir='ltr'>animadvertenda</span> <span class='ocrx_word' id='word_1_237' title='bbox 941 1798 1012 1835; x_wconf 89' lang='lat' dir='ltr'>est.</span> <span class='ocrx_word' id='word_1_238' title='bbox 1085 1797 1265 1835; x_wconf 83' lang='lat' dir='ltr'>cancellis</span> <span class='ocrx_word' id='word_1_239' title='bbox 1300 1810 1388 1845; x_wconf 89' lang='lat' dir='ltr'>pro-</span> 
     </span>
     <span class='ocr_line' id='line_1_31' title="bbox 56 1854 966 1905; baseline 0.001 -14"><span class='ocrx_word' id='word_1_240' title='bbox 56 1854 201 1892; x_wconf 84' lang='lat' dir='ltr'>miscue</span> <span class='ocrx_word' id='word_1_241' title='bbox 232 1854 278 1892; x_wconf 88' lang='lat' dir='ltr'>de</span> <span class='ocrx_word' id='word_1_242' title='bbox 311 1855 494 1893; x_wconf 88' lang='lat' dir='ltr'>universa</span> <span class='ocrx_word' id='word_1_243' title='bbox 526 1855 849 1905; x_wconf 85' lang='lat' dir='ltr'>significationem</span> <span class='ocrx_word' id='word_1_244' title='bbox 879 1855 966 1893; x_wconf 86' lang='lat' dir='ltr'>feci.</span> 
     </span>
    </p>

    <p class='ocr_par' dir='ltr' id='par_1_8' title="bbox 55 1913 1389 2137">
     <span class='ocr_line' id='line_1_32' title="bbox 172 1913 1388 1962; baseline 0 -12"><span class='ocrx_word' id='word_1_245' title='bbox 172 1913 352 1951; x_wconf 82' lang='lat' dir='ltr'>Lacunae</span> <span class='ocrx_word' id='word_1_246' title='bbox 389 1913 430 1950; x_wconf 89' lang='lat' dir='ltr'>in</span> <span class='ocrx_word' id='word_1_247' title='bbox 467 1913 578 1951; x_wconf 89' lang='lat' dir='ltr'>libris</span> <span class='ocrx_word' id='word_1_248' title='bbox 610 1916 745 1962; x_wconf 89' lang='lat' dir='ltr'>aperte</span> <span class='ocrx_word' id='word_1_249' title='bbox 776 1914 909 1951; x_wconf 86' lang='lat' dir='ltr'>nullae</span> <span class='ocrx_word' id='word_1_250' title='bbox 939 1914 1110 1951; x_wconf 85' lang='lat' dir='ltr'>traditae</span> <span class='ocrx_word' id='word_1_251' title='bbox 1143 1915 1248 1960; x_wconf 86' lang='lat' dir='ltr'>sunt,</span> <span class='ocrx_word' id='word_1_252' title='bbox 1290 1913 1388 1950; x_wconf 89' lang='lat' dir='ltr'>indi-</span> 
     </span>
     <span class='ocr_line' id='line_1_33' title="bbox 55 1970 1388 2022; baseline 0.001 -14"><span class='ocrx_word' id='word_1_253' title='bbox 55 1970 177 2019; x_wconf 90' lang='lat' dir='ltr'>cium,</span> <span class='ocrx_word' id='word_1_254' title='bbox 215 1972 329 2020; x_wconf 86' lang='lat' dir='ltr'>quale</span> <span class='ocrx_word' id='word_1_255' title='bbox 360 1971 402 2009; x_wconf 91' lang='lat' dir='ltr'>in</span> <span class='ocrx_word' id='word_1_256' title='bbox 432 1972 557 2020; x_wconf 89' lang='lat' dir='ltr'>Ibide,</span> <span class='ocrx_word' id='word_1_257' title='bbox 589 1984 710 2009; x_wconf 88' lang='lat' dir='ltr'>unum</span> <span class='ocrx_word' id='word_1_258' title='bbox 741 1972 782 2009; x_wconf 91' lang='lat' dir='ltr'>in</span> <span class='ocrx_word' id='word_1_259' title='bbox 813 1972 1065 2022; x_wconf 70' lang='lat' dir='ltr'>quibusdam,</span> <span class='ocrx_word' id='word_1_260' title='bbox 1105 1973 1388 2020; x_wconf 88' lang='lat' dir='ltr'>supplementa,</span> 
     </span>
     <span class='ocr_line' id='line_1_34' title="bbox 56 2030 1389 2079; baseline 0.002 -13"><span class='ocrx_word' id='word_1_261' title='bbox 56 2041 154 2077; x_wconf 88' lang='lat' dir='ltr'>quae</span> <span class='ocrx_word' id='word_1_262' title='bbox 186 2030 282 2067; x_wconf 88' lang='lat' dir='ltr'>mihi</span> <span class='ocrx_word' id='word_1_263' title='bbox 312 2030 530 2078; x_wconf 86' lang='lat' dir='ltr'>videantur,</span> <span class='ocrx_word' id='word_1_264' title='bbox 564 2030 708 2068; x_wconf 86' lang='lat' dir='ltr'>similia</span> <span class='ocrx_word' id='word_1_265' title='bbox 739 2030 935 2079; x_wconf 88' lang='lat' dir='ltr'>plerisque</span> <span class='ocrx_word' id='word_1_266' title='bbox 961 2031 1226 2079; x_wconf 86' lang='lat' dir='ltr'>Ponticorum,</span> <span class='ocrx_word' id='word_1_267' title='bbox 1258 2030 1389 2068; x_wconf 86' lang='lat' dir='ltr'>minus</span> 
     </span>
     <span class='ocr_line' id='line_1_35' title="bbox 55 2087 538 2137; baseline 0.004 -13"><span class='ocrx_word' id='word_1_268' title='bbox 55 2087 224 2125; x_wconf 82' lang='lat' dir='ltr'>barbara</span> <span class='ocrx_word' id='word_1_269' title='bbox 256 2100 373 2137; x_wconf 87' lang='lat' dir='ltr'>quam</span> <span class='ocrx_word' id='word_1_270' title='bbox 404 2089 538 2127; x_wconf 87' lang='lat' dir='ltr'>Ibidis.</span> 
     </span>
    </p>

    <p class='ocr_par' dir='ltr' id='par_1_9' title="bbox 54 2146 1389 2313">
     <span class='ocr_line' id='line_1_36' title="bbox 172 2146 1387 2196; baseline 0.001 -13"><span class='ocrx_word' id='word_1_271' title='bbox 172 2146 363 2195; x_wconf 86' lang='lat' dir='ltr'>Paginam</span> <span class='ocrx_word' id='word_1_272' title='bbox 395 2146 600 2196; x_wconf 84' lang='lat' dir='ltr'>archetypi</span> <span class='ocrx_word' id='word_1_273' title='bbox 625 2156 789 2185; x_wconf 82' lang='grc' dir='ltr'>ΧΧΧΧΙΙ</span> <span class='ocrx_word' id='word_1_274' title='bbox 824 2146 986 2185; x_wconf 89' lang='lat' dir='ltr'>desiisse</span> <span class='ocrx_word' id='word_1_275' title='bbox 1019 2146 1198 2184; x_wconf 78' lang='lat' dir='ltr'>existimo</span> <span class='ocrx_word' id='word_1_276' title='bbox 1231 2147 1271 2184; x_wconf 89' lang='lat' dir='ltr'>in</span> <span class='ocrx_word' id='word_1_277' title='bbox 1302 2160 1387 2185; x_wconf 75' lang='lat' dir='ltr'>ver-</span> 
     </span>
     <span class='ocr_line' id='line_1_37' title="bbox 55 2203 1388 2254; baseline 0.001 -13"><span class='ocrx_word' id='word_1_278' title='bbox 55 2215 142 2241; x_wconf 86' lang='lat' dir='ltr'>sum</span> <span class='ocrx_word' id='word_1_279' title='bbox 173 2203 214 2241; x_wconf 90' lang='lat' dir='ltr'>II</span> <span class='ocrx_word' id='word_1_280' title='bbox 248 2206 329 2242; x_wconf 80' lang='lat'>201</span> <span class='ocrx_word' id='word_1_281' title='bbox 363 2205 435 2252; x_wconf 89' lang='lat' dir='ltr'>ita,</span> <span class='ocrx_word' id='word_1_282' title='bbox 473 2207 518 2242; x_wconf 88' lang='lat' dir='ltr'>ut</span> <span class='ocrx_word' id='word_1_283' title='bbox 548 2217 649 2243; x_wconf 86' lang='lat' dir='ltr'>unus</span> <span class='ocrx_word' id='word_1_284' title='bbox 680 2208 772 2254; x_wconf 91' lang='lat' dir='ltr'>post</span> <span class='ocrx_word' id='word_1_285' title='bbox 803 2218 892 2243; x_wconf 89' lang='lat' dir='ltr'>eum</span> <span class='ocrx_word' id='word_1_286' title='bbox 923 2207 1170 2253; x_wconf 84' lang='lat' dir='ltr'>pentameter</span> <span class='ocrx_word' id='word_1_287' title='bbox 1201 2206 1388 2243; x_wconf 85' lang='lat' dir='ltr'>evanidus</span> 
     </span>
     <span class='ocr_line' id='line_1_38' title="bbox 54 2262 1389 2313; baseline 0.002 -14"><span class='ocrx_word' id='word_1_288' title='bbox 54 2262 185 2301; x_wconf 86' lang='lat' dir='ltr'>fuerit.</span> <span class='ocrx_word' id='word_1_289' title='bbox 260 2262 343 2300; x_wconf 86' lang='lat' dir='ltr'>eius</span> <span class='ocrx_word' id='word_1_290' title='bbox 385 2275 522 2301; x_wconf 83' lang='lat' dir='ltr'>versus</span> <span class='ocrx_word' id='word_1_291' title='bbox 569 2265 648 2302; x_wconf 79' lang='lat'>201</span> <span class='ocrx_word' id='word_1_292' title='bbox 695 2263 839 2312; x_wconf 77' lang='lat' dir='ltr'>duplex</span> <span class='ocrx_word' id='word_1_293' title='bbox 881 2263 958 2301; x_wconf 85' lang='lat' dir='ltr'>fuit</span> <span class='ocrx_word' id='word_1_294' title='bbox 1007 2264 1217 2313; x_wconf 86' lang='lat' dir='ltr'>scriptura,</span> <span class='ocrx_word' id='word_1_295' title='bbox 1262 2265 1389 2302; x_wconf 85' lang='lat' dir='ltr'>altera</span> 
     </span>
    </p>
   </div>
  </div>
 </body>
</html>
