<?xml version="1.0" encoding="UTF-8"?>
<!DOCTYPE html PUBLIC "-//W3C//DTD XHTML 1.0 Transitional//EN"
    "http://www.w3.org/TR/xhtml1/DTD/xhtml1-transitional.dtd">
<html xmlns="http://www.w3.org/1999/xhtml" xml:lang="en" lang="en">
 <head>
  <title>
</title>
<meta http-equiv="Content-Type" content="text/html;charset=utf-8" />
  <meta name='ocr-system' content='tesseract 3.04.00' />
  <meta name='ocr-capabilities' content='ocr_page ocr_carea ocr_par ocr_line ocrx_word'/>
</head>
<body>
  <div class='ocr_page' id='page_1' title='image "./operaovid01oviduoft_0315.png"; bbox 0 0 1575 2489; ppageno 0'>
   <div class='ocr_carea' id='block_1_1' title="bbox 575 67 1379 108">
    <p class='ocr_par' dir='ltr' id='par_1_1' title="bbox 575 67 1379 108">
     <span class='ocr_line' id='line_1_1' title="bbox 575 67 1379 108; baseline 0.012 -10"><span class='ocrx_word' id='word_1_1' title='bbox 575 68 637 100; x_wconf 88' lang='lat'>111.</span> <span class='ocrx_word' id='word_1_2' title='bbox 666 69 860 100; x_wconf 77' lang='lat'><strong>263—336.</strong></span> <span class='ocrx_word' id='word_1_3' title='bbox 1296 67 1379 108; x_wconf 73' lang='lat'>267</span> 
     </span>
    </p>
   </div>
   <div class='ocr_carea' id='block_1_2' title="bbox 71 173 1378 2322">
    <p class='ocr_par' dir='ltr' id='par_1_2' title="bbox 71 173 1378 2322">
     <span class='ocr_line' id='line_1_2' title="bbox 79 173 1284 224; baseline 0 -10"><span class='ocrx_word' id='word_1_4' title='bbox 79 184 146 216; x_wconf 90' lang='lat'>300</span> <span class='ocrx_word' id='word_1_5' title='bbox 223 173 308 212; x_wconf 92' lang='lat' dir='ltr'>Huc</span> <span class='ocrx_word' id='word_1_6' title='bbox 340 174 473 224; x_wconf 83' lang='lat' dir='ltr'>venit,</span> <span class='ocrx_word' id='word_1_7' title='bbox 506 179 545 212; x_wconf 88' lang='lat' dir='ltr'>et</span> <span class='ocrx_word' id='word_1_8' title='bbox 575 173 688 213; x_wconf 90' lang='lat' dir='ltr'>Fonti</span> <span class='ocrx_word' id='word_1_9' title='bbox 719 186 788 213; x_wconf 87' lang='lat' dir='ltr'>rex</span> <span class='ocrx_word' id='word_1_10' title='bbox 819 174 945 213; x_wconf 86' lang='lat' dir='ltr'><strong>Numa</strong></span> <span class='ocrx_word' id='word_1_11' title='bbox 976 180 1118 214; x_wconf 89' lang='lat' dir='ltr'>mactat</span> <span class='ocrx_word' id='word_1_12' title='bbox 1150 184 1284 214; x_wconf 73' lang='lat' dir='ltr'>ovem:</span> 
     </span>
     <span class='ocr_line' id='line_1_3' title="bbox 164 231 1113 284; baseline 0 -13"><span class='ocrx_word' id='word_1_13' title='bbox 164 232 359 282; x_wconf 81' lang='lat' dir='ltr'>Plenaque</span> <span class='ocrx_word' id='word_1_14' title='bbox 393 231 543 270; x_wconf 91' lang='lat' dir='ltr'>odorati</span> <span class='ocrx_word' id='word_1_15' title='bbox 575 231 746 284; x_wconf 85' lang='lat' dir='ltr'>disponit</span> <span class='ocrx_word' id='word_1_16' title='bbox 775 232 914 283; x_wconf 88' lang='lat' dir='ltr'>pocula</span> <span class='ocrx_word' id='word_1_17' title='bbox 947 232 1113 284; x_wconf 88' lang='lat' dir='ltr'>Bacchi,</span> 
     </span>
     <span class='ocr_line' id='line_1_4' title="bbox 223 289 1131 341; baseline 0.001 -13"><span class='ocrx_word' id='word_1_18' title='bbox 223 289 397 340; x_wconf 83' lang='lat' dir='ltr'>Cumque</span> <span class='ocrx_word' id='word_1_19' title='bbox 430 290 512 327; x_wconf 90' lang='lat' dir='ltr'>suis</span> <span class='ocrx_word' id='word_1_20' title='bbox 544 296 655 328; x_wconf 89' lang='lat' dir='ltr'>antro</span> <span class='ocrx_word' id='word_1_21' title='bbox 689 290 868 329; x_wconf 87' lang='lat' dir='ltr'>conditus</span> <span class='ocrx_word' id='word_1_22' title='bbox 900 291 984 341; x_wconf 89' lang='lat' dir='ltr'>ipse</span> <span class='ocrx_word' id='word_1_23' title='bbox 1016 290 1131 329; x_wconf 87' lang='lat' dir='ltr'>latet.</span> 
     </span>
     <span class='ocr_line' id='line_1_5' title="bbox 164 347 1176 401; baseline 0 -14"><span class='ocrx_word' id='word_1_24' title='bbox 164 347 220 387; x_wconf 92' lang='lat' dir='ltr'>Ad</span> <span class='ocrx_word' id='word_1_25' title='bbox 253 347 386 386; x_wconf 90' lang='lat' dir='ltr'>solitos</span> <span class='ocrx_word' id='word_1_26' title='bbox 417 349 579 386; x_wconf 84' lang='lat' dir='ltr'>veniunt</span> <span class='ocrx_word' id='word_1_27' title='bbox 611 348 802 387; x_wconf 83' lang='lat' dir='ltr'>silvestria</span> <span class='ocrx_word' id='word_1_28' title='bbox 835 350 994 387; x_wconf 92' lang='lat' dir='ltr'>numina</span> <span class='ocrx_word' id='word_1_29' title='bbox 1026 349 1176 401; x_wconf 85' lang='lat' dir='ltr'>fontes,</span> 
     </span>
     <span class='ocr_line' id='line_1_6' title="bbox 222 405 1114 456; baseline 0.001 -12"><span class='ocrx_word' id='word_1_30' title='bbox 222 405 271 444; x_wconf 92' lang='lat' dir='ltr'>Et</span> <span class='ocrx_word' id='word_1_31' title='bbox 302 405 475 443; x_wconf 86' lang='lat' dir='ltr'>relevant</span> <span class='ocrx_word' id='word_1_32' title='bbox 505 405 627 444; x_wconf 92' lang='lat' dir='ltr'>multo</span> <span class='ocrx_word' id='word_1_33' title='bbox 658 411 817 456; x_wconf 82' lang='lat' dir='ltr'>pectora</span> <span class='ocrx_word' id='word_1_34' title='bbox 849 408 952 445; x_wconf 89' lang='lat' dir='ltr'>sicca</span> <span class='ocrx_word' id='word_1_35' title='bbox 983 418 1114 445; x_wconf 82' lang='lat' dir='ltr'>merc.</span> 
     </span>
     <span class='ocr_line' id='line_1_7' title="bbox 76 464 1378 518; baseline -0.001 -14"><span class='ocrx_word' id='word_1_36' title='bbox 76 473 143 504; x_wconf 85' lang='lat'>305</span> <span class='ocrx_word' id='word_1_37' title='bbox 166 464 258 502; x_wconf 90' lang='lat' dir='ltr'>Vina</span> <span class='ocrx_word' id='word_1_38' title='bbox 291 465 403 514; x_wconf 90' lang='lat' dir='ltr'>quies</span> <span class='ocrx_word' id='word_1_39' title='bbox 435 465 614 514; x_wconf 83' lang='lat' dir='ltr'>sequitur</span> <span class='ocrx_word' id='word_1_40' title='bbox 634 495 642 502; x_wconf 92' lang='lat'><strong>.</strong></span> <span class='ocrx_word' id='word_1_41' title='bbox 692 464 817 515; x_wconf 89' lang='lat' dir='ltr'>gelido</span> <span class='ocrx_word' id='word_1_42' title='bbox 849 464 974 503; x_wconf 91' lang='lat' dir='ltr'>Numa</span> <span class='ocrx_word' id='word_1_43' title='bbox 1004 465 1136 516; x_wconf 81' lang='lat' dir='ltr'>prodit</span> <span class='ocrx_word' id='word_1_44' title='bbox 1167 464 1214 503; x_wconf 86' lang='lat' dir='ltr'>ab</span> <span class='ocrx_word' id='word_1_45' title='bbox 1244 470 1378 518; x_wconf 87' lang='lat' dir='ltr'>antro,</span> 
     </span>
     <span class='ocr_line' id='line_1_8' title="bbox 221 521 1122 572; baseline 0.002 -13"><span class='ocrx_word' id='word_1_46' title='bbox 221 521 432 572; x_wconf 85' lang='lat' dir='ltr'>Vinclaque</span> <span class='ocrx_word' id='word_1_47' title='bbox 465 523 609 572; x_wconf 87' lang='lat' dir='ltr'>sopitas</span> <span class='ocrx_word' id='word_1_48' title='bbox 642 522 746 561; x_wconf 80' lang='lat' dir='ltr'>addit</span> <span class='ocrx_word' id='word_1_49' title='bbox 777 524 815 561; x_wconf 90' lang='lat' dir='ltr'>in</span> <span class='ocrx_word' id='word_1_50' title='bbox 849 528 931 561; x_wconf 88' lang='lat' dir='ltr'>arta</span> <span class='ocrx_word' id='word_1_51' title='bbox 962 535 1122 562; x_wconf 89' lang='lat' dir='ltr'>manus.</span> 
     </span>
     <span class='ocr_line' id='line_1_9' title="bbox 164 579 1304 632; baseline 0.003 -15"><span class='ocrx_word' id='word_1_52' title='bbox 164 580 332 618; x_wconf 87' lang='lat' dir='ltr'>Somnus</span> <span class='ocrx_word' id='word_1_53' title='bbox 364 586 408 618; x_wconf 92' lang='lat' dir='ltr'>ut</span> <span class='ocrx_word' id='word_1_54' title='bbox 440 579 656 631; x_wconf 86' lang='lat' dir='ltr'>abscessit,</span> <span class='ocrx_word' id='word_1_55' title='bbox 688 581 896 632; x_wconf 89' lang='lat' dir='ltr'>pugnando</span> <span class='ocrx_word' id='word_1_56' title='bbox 928 581 1080 620; x_wconf 88' lang='lat' dir='ltr'>vincula</span> <span class='ocrx_word' id='word_1_57' title='bbox 1112 586 1304 632; x_wconf 76' lang='lat' dir='ltr'>temptant</span> 
     </span>
     <span class='ocr_line' id='line_1_10' title="bbox 220 638 1168 688; baseline 0.002 -12"><span class='ocrx_word' id='word_1_58' title='bbox 220 638 448 688; x_wconf 87' lang='lat' dir='ltr'>Rumpere:</span> <span class='ocrx_word' id='word_1_59' title='bbox 491 645 710 688; x_wconf 80' lang='lat' dir='ltr'>pugnantes</span> <span class='ocrx_word' id='word_1_60' title='bbox 743 639 884 678; x_wconf 88' lang='lat' dir='ltr'>fortius</span> <span class='ocrx_word' id='word_1_61' title='bbox 915 639 978 677; x_wconf 84' lang='lat' dir='ltr'>illa</span> <span class='ocrx_word' id='word_1_62' title='bbox 1011 645 1168 678; x_wconf 89' lang='lat' dir='ltr'>tenent.</span> 
     </span>
     <span class='ocr_line' id='line_1_11' title="bbox 161 693 1378 749; baseline 0.002 -15"><span class='ocrx_word' id='word_1_63' title='bbox 161 695 271 735; x_wconf 88' lang='lat' dir='ltr'>Tunc</span> <span class='ocrx_word' id='word_1_64' title='bbox 303 695 450 735; x_wconf 87' lang='lat' dir='ltr'>Numa:</span> <span class='ocrx_word' id='word_1_65' title='bbox 487 693 545 734; x_wconf 73' lang='lat' dir='ltr'>cdi</span> <span class='ocrx_word' id='word_1_66' title='bbox 578 708 812 748; x_wconf 86' lang='lat' dir='ltr'>nemorum,</span> <span class='ocrx_word' id='word_1_67' title='bbox 845 697 956 736; x_wconf 83' lang='lat' dir='ltr'>sactis</span> <span class='ocrx_word' id='word_1_68' title='bbox 987 699 1176 748; x_wconf 84' lang='lat' dir='ltr'>ignoscite</span> <span class='ocrx_word' id='word_1_69' title='bbox 1209 698 1378 749; x_wconf 83' lang='lat' dir='ltr'>nostriS,</span> 
     </span>
     <span class='ocr_line' id='line_1_12' title="bbox 74 754 1061 807; baseline -0.001 -13"><span class='ocrx_word' id='word_1_70' title='bbox 74 763 141 794; x_wconf 88' lang='lat'>310</span> <span class='ocrx_word' id='word_1_71' title='bbox 222 754 263 792; x_wconf 89' lang='lat' dir='ltr'>Si</span> <span class='ocrx_word' id='word_1_72' title='bbox 295 754 423 792; x_wconf 88' lang='lat' dir='ltr'>scelus</span> <span class='ocrx_word' id='word_1_73' title='bbox 454 756 610 805; x_wconf 87' lang='lat' dir='ltr'>ingenio</span> <span class='ocrx_word' id='word_1_74' title='bbox 642 756 749 793; x_wconf 87' lang='lat' dir='ltr'>scitis</span> <span class='ocrx_word' id='word_1_75' title='bbox 782 755 918 794; x_wconf 89' lang='lat' dir='ltr'>abesse</span> <span class='ocrx_word' id='word_1_76' title='bbox 951 767 1061 807; x_wconf 81' lang='lat' dir='ltr'>meo3</span> 
     </span>
     <span class='ocr_line' id='line_1_13' title="bbox 163 810 1289 865; baseline 0.001 -15"><span class='ocrx_word' id='word_1_77' title='bbox 163 813 327 863; x_wconf 85' lang='lat' dir='ltr'>Quoque</span> <span class='ocrx_word' id='word_1_78' title='bbox 360 812 473 850; x_wconf 90' lang='lat' dir='ltr'>modo</span> <span class='ocrx_word' id='word_1_79' title='bbox 506 814 630 863; x_wconf 85' lang='lat' dir='ltr'>possit</span> <span class='ocrx_word' id='word_1_80' title='bbox 661 813 807 851; x_wconf 83' lang='lat' dir='ltr'>fulmen</span> <span class='ocrx_word' id='word_1_81' title='bbox 827 844 838 865; x_wconf 85' lang='lat'><em>‚</em></span> <span class='ocrx_word' id='word_1_82' title='bbox 870 819 1113 864; x_wconf 86' lang='lat' dir='ltr'>monstrate,</span> <span class='ocrx_word' id='word_1_83' title='bbox 1146 810 1289 864; x_wconf 85' lang='lat' dir='ltr'>piari.&#39;</span> 
     </span>
     <span class='ocr_line' id='line_1_14' title="bbox 221 870 1266 920; baseline 0.002 -12"><span class='ocrx_word' id='word_1_84' title='bbox 221 870 284 909; x_wconf 88' lang='lat' dir='ltr'>Sic</span> <span class='ocrx_word' id='word_1_85' title='bbox 317 870 468 908; x_wconf 89' lang='lat' dir='ltr'>Numa.</span> <span class='ocrx_word' id='word_1_86' title='bbox 525 871 581 908; x_wconf 89' lang='lat' dir='ltr'>sic</span> <span class='ocrx_word' id='word_1_87' title='bbox 615 872 792 920; x_wconf 88' lang='lat' dir='ltr'>quatiens</span> <span class='ocrx_word' id='word_1_88' title='bbox 825 883 971 909; x_wconf 89' lang='lat' dir='ltr'>cornua</span> <span class='ocrx_word' id='word_1_89' title='bbox 1002 871 1159 910; x_wconf 90' lang='lat' dir='ltr'>Faunus</span> <span class='ocrx_word' id='word_1_90' title='bbox 1192 872 1266 910; x_wconf 83' lang='lat' dir='ltr'>ait:</span> 
     </span>
     <span class='ocr_line' id='line_1_15' title="bbox 161 926 1348 979; baseline 0.001 -12"><span class='ocrx_word' id='word_1_91' title='bbox 161 926 317 979; x_wconf 81' lang='lat' dir='ltr'>‘Magna</span> <span class='ocrx_word' id='word_1_92' title='bbox 348 929 477 979; x_wconf 87' lang='lat' dir='ltr'>petis,</span> <span class='ocrx_word' id='word_1_93' title='bbox 509 940 581 966; x_wconf 89' lang='lat' dir='ltr'>nec</span> <span class='ocrx_word' id='word_1_94' title='bbox 614 940 711 978; x_wconf 90' lang='lat' dir='ltr'>quae</span> <span class='ocrx_word' id='word_1_95' title='bbox 743 930 895 967; x_wconf 86' lang='lat' dir='ltr'>monitu</span> <span class='ocrx_word' id='word_1_96' title='bbox 928 929 998 967; x_wconf 90' lang='lat' dir='ltr'>tibi</span> <span class='ocrx_word' id='word_1_97' title='bbox 1030 929 1181 968; x_wconf 85' lang='lat' dir='ltr'>discere</span> <span class='ocrx_word' id='word_1_98' title='bbox 1214 935 1348 968; x_wconf 86' lang='lat' dir='ltr'>nostro</span> 
     </span>
     <span class='ocr_line' id='line_1_16' title="bbox 219 985 1224 1026; baseline 0.002 -2"><span class='ocrx_word' id='word_1_99' title='bbox 219 986 291 1025; x_wconf 90' lang='lat' dir='ltr'>Fas</span> <span class='ocrx_word' id='word_1_100' title='bbox 324 987 403 1024; x_wconf 92' lang='lat' dir='ltr'>sit.</span> <span class='ocrx_word' id='word_1_101' title='bbox 459 985 603 1024; x_wconf 87' lang='lat' dir='ltr'>hahent</span> <span class='ocrx_word' id='word_1_102' title='bbox 634 987 721 1024; x_wconf 85' lang='lat' dir='ltr'>finis</span> <span class='ocrx_word' id='word_1_103' title='bbox 753 988 912 1025; x_wconf 90' lang='lat' dir='ltr'>numina</span> <span class='ocrx_word' id='word_1_104' title='bbox 944 994 1077 1026; x_wconf 90' lang='lat' dir='ltr'>nostra</span> <span class='ocrx_word' id='word_1_105' title='bbox 1110 999 1224 1026; x_wconf 89' lang='lat' dir='ltr'>suos.</span> 
     </span>
     <span class='ocr_line' id='line_1_17' title="bbox 72 1045 1219 1095; baseline -0.001 -10"><span class='ocrx_word' id='word_1_106' title='bbox 72 1054 139 1085; x_wconf 83' lang='lat'>315</span> <span class='ocrx_word' id='word_1_107' title='bbox 160 1046 206 1084; x_wconf 90' lang='lat' dir='ltr'>Di</span> <span class='ocrx_word' id='word_1_108' title='bbox 237 1057 372 1084; x_wconf 90' lang='lat' dir='ltr'>sumus</span> <span class='ocrx_word' id='word_1_109' title='bbox 405 1049 577 1095; x_wconf 81' lang='lat' dir='ltr'>agrestes</span> <span class='ocrx_word' id='word_1_110' title='bbox 611 1050 650 1082; x_wconf 86' lang='lat' dir='ltr'>et</span> <span class='ocrx_word' id='word_1_111' title='bbox 682 1046 750 1095; x_wconf 91' lang='lat' dir='ltr'>qui</span> <span class='ocrx_word' id='word_1_112' title='bbox 782 1045 1028 1084; x_wconf 85' lang='lat' dir='ltr'>dominemur</span> <span class='ocrx_word' id='word_1_113' title='bbox 1059 1047 1099 1084; x_wconf 93' lang='lat' dir='ltr'>in</span> <span class='ocrx_word' id='word_1_114' title='bbox 1131 1046 1219 1084; x_wconf 90' lang='lat' dir='ltr'>altis</span> 
     </span>
     <span class='ocr_line' id='line_1_18' title="bbox 218 1102 1210 1142; baseline 0.002 -2"><span class='ocrx_word' id='word_1_115' title='bbox 218 1102 415 1141; x_wconf 80' lang='lat' dir='ltr'>Montibus</span> <span class='ocrx_word' id='word_1_116' title='bbox 436 1133 444 1141; x_wconf 91' lang='lat'><strong>.</strong></span> <span class='ocrx_word' id='word_1_117' title='bbox 501 1102 706 1141; x_wconf 83' lang='lat' dir='ltr'>arbitrium</span> <span class='ocrx_word' id='word_1_118' title='bbox 739 1109 798 1141; x_wconf 89' lang='lat' dir='ltr'>est</span> <span class='ocrx_word' id='word_1_119' title='bbox 830 1106 869 1141; x_wconf 92' lang='lat' dir='ltr'>in</span> <span class='ocrx_word' id='word_1_120' title='bbox 902 1115 970 1142; x_wconf 91' lang='lat' dir='ltr'>sua</span> <span class='ocrx_word' id='word_1_121' title='bbox 1002 1104 1076 1142; x_wconf 89' lang='lat' dir='ltr'>tela</span> <span class='ocrx_word' id='word_1_122' title='bbox 1109 1103 1210 1142; x_wconf 88' lang='lat' dir='ltr'>Iovi.</span> 
     </span>
     <span class='ocr_line' id='line_1_19' title="bbox 159 1161 1198 1214; baseline 0 -14"><span class='ocrx_word' id='word_1_123' title='bbox 159 1161 272 1200; x_wconf 89' lang='lat' dir='ltr'>Hunc</span> <span class='ocrx_word' id='word_1_124' title='bbox 305 1167 347 1199; x_wconf 88' lang='lat' dir='ltr'>tu</span> <span class='ocrx_word' id='word_1_125' title='bbox 380 1172 458 1198; x_wconf 92' lang='lat' dir='ltr'>non</span> <span class='ocrx_word' id='word_1_126' title='bbox 489 1162 637 1211; x_wconf 90' lang='lat' dir='ltr'>poteris</span> <span class='ocrx_word' id='word_1_127' title='bbox 668 1173 739 1211; x_wconf 89' lang='lat' dir='ltr'>per</span> <span class='ocrx_word' id='word_1_128' title='bbox 771 1167 808 1199; x_wconf 84' lang='lat' dir='ltr'>te</span> <span class='ocrx_word' id='word_1_129' title='bbox 841 1161 1035 1201; x_wconf 87' lang='lat' dir='ltr'>deducere</span> <span class='ocrx_word' id='word_1_130' title='bbox 1069 1162 1198 1214; x_wconf 84' lang='lat' dir='ltr'>caelo,</span> 
     </span>
     <span class='ocr_line' id='line_1_20' title="bbox 218 1217 1082 1271; baseline 0.001 -13"><span class='ocrx_word' id='word_1_131' title='bbox 218 1221 266 1258; x_wconf 87' lang='lat' dir='ltr'>At</span> <span class='ocrx_word' id='word_1_132' title='bbox 296 1220 444 1270; x_wconf 87' lang='lat' dir='ltr'>poteris</span> <span class='ocrx_word' id='word_1_133' title='bbox 476 1225 608 1257; x_wconf 88' lang='lat' dir='ltr'>nostra</span> <span class='ocrx_word' id='word_1_134' title='bbox 641 1220 803 1257; x_wconf 83' lang='lat' dir='ltr'>forsitan</span> <span class='ocrx_word' id='word_1_135' title='bbox 835 1232 931 1258; x_wconf 90' lang='lat' dir='ltr'>usus</span> <span class='ocrx_word' id='word_1_136' title='bbox 963 1217 1082 1271; x_wconf 70' lang='lat' dir='ltr'>ope.2</span> 
     </span>
     <span class='ocr_line' id='line_1_21' title="bbox 160 1276 1238 1328; baseline 0 -11"><span class='ocrx_word' id='word_1_137' title='bbox 160 1278 317 1317; x_wconf 84' lang='lat' dir='ltr'>Dixerat</span> <span class='ocrx_word' id='word_1_138' title='bbox 348 1277 444 1315; x_wconf 88' lang='lat' dir='ltr'>haec</span> <span class='ocrx_word' id='word_1_139' title='bbox 475 1276 632 1315; x_wconf 91' lang='lat' dir='ltr'>Faunus</span> <span class='ocrx_word' id='word_1_140' title='bbox 653 1307 661 1316; x_wconf 94' lang='lat'>.</span> <span class='ocrx_word' id='word_1_141' title='bbox 717 1289 786 1328; x_wconf 90' lang='lat' dir='ltr'>par</span> <span class='ocrx_word' id='word_1_142' title='bbox 820 1284 879 1316; x_wconf 91' lang='lat' dir='ltr'>est</span> <span class='ocrx_word' id='word_1_143' title='bbox 911 1279 1103 1317; x_wconf 88' lang='lat' dir='ltr'>sententia</span> <span class='ocrx_word' id='word_1_144' title='bbox 1135 1279 1238 1317; x_wconf 88' lang='lat' dir='ltr'>Pici.</span> 
     </span>
     <span class='ocr_line' id='line_1_22' title="bbox 72 1332 1178 1388; baseline -0.001 -12"><span class='ocrx_word' id='word_1_145' title='bbox 72 1345 138 1376; x_wconf 81' lang='lat'>320</span> <span class='ocrx_word' id='word_1_146' title='bbox 219 1333 379 1374; x_wconf 77' lang='lat' dir='ltr'>‘Deme&#39;</span> <span class='ocrx_word' id='word_1_147' title='bbox 413 1342 541 1373; x_wconf 90' lang='lat' dir='ltr'>tamen</span> <span class='ocrx_word' id='word_1_148' title='bbox 575 1332 709 1374; x_wconf 69' lang='lat' dir='ltr'>‘nobis</span> <span class='ocrx_word' id='word_1_149' title='bbox 741 1333 944 1388; x_wconf 82' lang='lat' dir='ltr'>vincula‚&#39;</span> <span class='ocrx_word' id='word_1_150' title='bbox 976 1336 1093 1375; x_wconf 84' lang='lat' dir='ltr'>Plcus</span> <span class='ocrx_word' id='word_1_151' title='bbox 1125 1338 1178 1375; x_wconf 89' lang='lat' dir='ltr'>ait</span> 
     </span>
     <span class='ocr_line' id='line_1_23' title="bbox 160 1393 1273 1446; baseline 0 -13"><span class='ocrx_word' id='word_1_152' title='bbox 160 1393 356 1446; x_wconf 76' lang='lat' dir='ltr'>‘luppiter</span> <span class='ocrx_word' id='word_1_153' title='bbox 387 1394 463 1432; x_wconf 88' lang='lat' dir='ltr'>huc</span> <span class='ocrx_word' id='word_1_154' title='bbox 497 1395 653 1445; x_wconf 86' lang='lat' dir='ltr'>veniet,</span> <span class='ocrx_word' id='word_1_155' title='bbox 686 1393 808 1432; x_wconf 87' lang='lat' dir='ltr'>valida</span> <span class='ocrx_word' id='word_1_156' title='bbox 840 1395 1055 1445; x_wconf 87' lang='lat' dir='ltr'>perductus</span> <span class='ocrx_word' id='word_1_157' title='bbox 1088 1395 1134 1433; x_wconf 88' lang='lat' dir='ltr'>ab</span> <span class='ocrx_word' id='word_1_158' title='bbox 1168 1400 1273 1433; x_wconf 91' lang='lat' dir='ltr'>arte.</span> 
     </span>
     <span class='ocr_line' id='line_1_24' title="bbox 216 1450 1121 1503; baseline 0 -12"><span class='ocrx_word' id='word_1_159' title='bbox 216 1451 356 1491; x_wconf 91' lang='lat' dir='ltr'>Nubila</span> <span class='ocrx_word' id='word_1_160' title='bbox 387 1453 571 1502; x_wconf 87' lang='lat' dir='ltr'>promissi</span> <span class='ocrx_word' id='word_1_161' title='bbox 604 1451 698 1503; x_wconf 82' lang='lat' dir='ltr'>Styx</span> <span class='ocrx_word' id='word_1_162' title='bbox 729 1452 824 1490; x_wconf 90' lang='lat' dir='ltr'>mihi</span> <span class='ocrx_word' id='word_1_163' title='bbox 856 1455 967 1491; x_wconf 87' lang='lat' dir='ltr'>testis</span> <span class='ocrx_word' id='word_1_164' title='bbox 1000 1450 1121 1492; x_wconf 84' lang='lat' dir='ltr'>erit.&#39;</span> 
     </span>
     <span class='ocr_line' id='line_1_25' title="bbox 159 1510 1305 1563; baseline 0 -13"><span class='ocrx_word' id='word_1_165' title='bbox 159 1511 302 1550; x_wconf 88' lang='lat' dir='ltr'>Emissi</span> <span class='ocrx_word' id='word_1_166' title='bbox 334 1510 482 1561; x_wconf 87' lang='lat' dir='ltr'>laqueis</span> <span class='ocrx_word' id='word_1_167' title='bbox 515 1510 609 1561; x_wconf 91' lang='lat' dir='ltr'>quid</span> <span class='ocrx_word' id='word_1_168' title='bbox 641 1515 783 1562; x_wconf 83' lang='lat' dir='ltr'>agant,</span> <span class='ocrx_word' id='word_1_169' title='bbox 818 1523 916 1561; x_wconf 90' lang='lat' dir='ltr'>quae</span> <span class='ocrx_word' id='word_1_170' title='bbox 949 1513 1119 1550; x_wconf 88' lang='lat' dir='ltr'>carmina</span> <span class='ocrx_word' id='word_1_171' title='bbox 1153 1511 1305 1563; x_wconf 82' lang='lat' dir='ltr'>dicant,</span> 
     </span>
     <span class='ocr_line' id='line_1_26' title="bbox 217 1568 1242 1621; baseline 0 -13"><span class='ocrx_word' id='word_1_172' title='bbox 217 1569 379 1619; x_wconf 87' lang='lat' dir='ltr'>Quaque</span> <span class='ocrx_word' id='word_1_173' title='bbox 412 1568 567 1607; x_wconf 89' lang='lat' dir='ltr'>trahant</span> <span class='ocrx_word' id='word_1_174' title='bbox 598 1570 752 1619; x_wconf 90' lang='lat' dir='ltr'>superis</span> <span class='ocrx_word' id='word_1_175' title='bbox 785 1569 943 1608; x_wconf 90' lang='lat' dir='ltr'>sedibus</span> <span class='ocrx_word' id='word_1_176' title='bbox 975 1576 1057 1608; x_wconf 90' lang='lat' dir='ltr'>arte</span> <span class='ocrx_word' id='word_1_177' title='bbox 1090 1569 1242 1621; x_wconf 83' lang='lat' dir='ltr'>Iovem,</span> 
     </span>
     <span class='ocr_line' id='line_1_27' title="bbox 71 1626 1224 1668; baseline -0.001 0"><span class='ocrx_word' id='word_1_178' title='bbox 71 1637 137 1668; x_wconf 81' lang='lat'>325</span> <span class='ocrx_word' id='word_1_179' title='bbox 160 1628 268 1667; x_wconf 86' lang='lat' dir='ltr'>Scire</span> <span class='ocrx_word' id='word_1_180' title='bbox 300 1628 408 1666; x_wconf 79' lang='lat' dir='ltr'>nefas</span> <span class='ocrx_word' id='word_1_181' title='bbox 440 1626 589 1665; x_wconf 89' lang='lat' dir='ltr'>homini</span> <span class='ocrx_word' id='word_1_182' title='bbox 609 1658 617 1665; x_wconf 95' lang='lat'><strong><em>.</em></strong></span> <span class='ocrx_word' id='word_1_183' title='bbox 672 1626 786 1666; x_wconf 90' lang='lat' dir='ltr'>nobis</span> <span class='ocrx_word' id='word_1_184' title='bbox 819 1639 1003 1666; x_wconf 88' lang='lat' dir='ltr'>concessa</span> <span class='ocrx_word' id='word_1_185' title='bbox 1036 1634 1224 1667; x_wconf 89' lang='lat' dir='ltr'>canentur</span> 
     </span>
     <span class='ocr_line' id='line_1_28' title="bbox 218 1685 1060 1736; baseline 0.001 -12"><span class='ocrx_word' id='word_1_186' title='bbox 218 1686 402 1736; x_wconf 86' lang='lat' dir='ltr'>Quaeque</span> <span class='ocrx_word' id='word_1_187' title='bbox 434 1687 498 1736; x_wconf 90' lang='lat' dir='ltr'>pio</span> <span class='ocrx_word' id='word_1_188' title='bbox 531 1685 607 1724; x_wconf 89' lang='lat' dir='ltr'>dici</span> <span class='ocrx_word' id='word_1_189' title='bbox 639 1687 735 1723; x_wconf 87' lang='lat' dir='ltr'>vatis</span> <span class='ocrx_word' id='word_1_190' title='bbox 768 1685 814 1724; x_wconf 91' lang='lat' dir='ltr'>ab</span> <span class='ocrx_word' id='word_1_191' title='bbox 847 1698 914 1724; x_wconf 90' lang='lat' dir='ltr'>ore</span> <span class='ocrx_word' id='word_1_192' title='bbox 947 1686 1060 1725; x_wconf 89' lang='lat' dir='ltr'>licet.</span> 
     </span>
     <span class='ocr_line' id='line_1_29' title="bbox 159 1743 1169 1795; baseline 0 -12"><span class='ocrx_word' id='word_1_193' title='bbox 159 1745 330 1783; x_wconf 88' lang='lat' dir='ltr'>Eliciunt</span> <span class='ocrx_word' id='word_1_194' title='bbox 361 1743 466 1782; x_wconf 89' lang='lat' dir='ltr'>caelo</span> <span class='ocrx_word' id='word_1_195' title='bbox 499 1749 567 1795; x_wconf 89' lang='lat' dir='ltr'>te,</span> <span class='ocrx_word' id='word_1_196' title='bbox 599 1743 802 1794; x_wconf 85' lang='lat' dir='ltr'>Iuppiter.</span> <span class='ocrx_word' id='word_1_197' title='bbox 862 1744 965 1783; x_wconf 91' lang='lat' dir='ltr'>unde</span> <span class='ocrx_word' id='word_1_198' title='bbox 998 1746 1169 1784; x_wconf 87' lang='lat' dir='ltr'>minores</span> 
     </span>
     <span class='ocr_line' id='line_1_30' title="bbox 216 1801 1317 1854; baseline 0.001 -13"><span class='ocrx_word' id='word_1_199' title='bbox 216 1802 328 1841; x_wconf 92' lang='lat' dir='ltr'>Nunc</span> <span class='ocrx_word' id='word_1_200' title='bbox 361 1813 517 1853; x_wconf 87' lang='lat' dir='ltr'>quoque</span> <span class='ocrx_word' id='word_1_201' title='bbox 549 1807 586 1840; x_wconf 84' lang='lat' dir='ltr'>te</span> <span class='ocrx_word' id='word_1_202' title='bbox 619 1801 847 1854; x_wconf 85' lang='lat' dir='ltr'>celebrant,</span> <span class='ocrx_word' id='word_1_203' title='bbox 879 1802 1124 1854; x_wconf 85' lang='lat' dir='ltr'>Eliciumque</span> <span class='ocrx_word' id='word_1_204' title='bbox 1157 1809 1317 1842; x_wconf 89' lang='lat' dir='ltr'>vocant.</span> 
     </span>
     <span class='ocr_line' id='line_1_31' title="bbox 158 1861 1207 1913; baseline -0.001 -12"><span class='ocrx_word' id='word_1_205' title='bbox 158 1862 318 1901; x_wconf 86' lang='lat' dir='ltr'>Constat</span> <span class='ocrx_word' id='word_1_206' title='bbox 348 1861 561 1898; x_wconf 78' lang='lat' dir='ltr'>Aventinae</span> <span class='ocrx_word' id='word_1_207' title='bbox 593 1861 801 1898; x_wconf 82' lang='lat' dir='ltr'>tremuisse</span> <span class='ocrx_word' id='word_1_208' title='bbox 835 1863 1034 1899; x_wconf 87' lang='lat' dir='ltr'>cacumina</span> <span class='ocrx_word' id='word_1_209' title='bbox 1067 1861 1207 1913; x_wconf 88' lang='lat' dir='ltr'>silvae,</span> 
     </span>
     <span class='ocr_line' id='line_1_32' title="bbox 73 1918 1154 1970; baseline -0.002 -10"><span class='ocrx_word' id='word_1_210' title='bbox 73 1930 139 1961; x_wconf 85' lang='lat'>330</span> <span class='ocrx_word' id='word_1_211' title='bbox 218 1920 418 1970; x_wconf 90' lang='lat' dir='ltr'>Terraque</span> <span class='ocrx_word' id='word_1_212' title='bbox 452 1918 629 1957; x_wconf 87' lang='lat' dir='ltr'>subsedit</span> <span class='ocrx_word' id='word_1_213' title='bbox 660 1918 833 1969; x_wconf 88' lang='lat' dir='ltr'>pondere</span> <span class='ocrx_word' id='word_1_214' title='bbox 865 1931 1000 1970; x_wconf 85' lang='lat' dir='ltr'>pressa</span> <span class='ocrx_word' id='word_1_215' title='bbox 1032 1918 1154 1958; x_wconf 92' lang='lat' dir='ltr'>Iovis.</span> 
     </span>
     <span class='ocr_line' id='line_1_33' title="bbox 158 1978 1256 2029; baseline -0.001 -11"><span class='ocrx_word' id='word_1_216' title='bbox 158 1978 283 2018; x_wconf 89' lang='lat' dir='ltr'>Corda</span> <span class='ocrx_word' id='word_1_217' title='bbox 313 1980 458 2016; x_wconf 88' lang='lat' dir='ltr'>micant</span> <span class='ocrx_word' id='word_1_218' title='bbox 489 1978 622 2028; x_wconf 87' lang='lat' dir='ltr'>regis,</span> <span class='ocrx_word' id='word_1_219' title='bbox 654 1982 815 2027; x_wconf 89' lang='lat' dir='ltr'>totoque</span> <span class='ocrx_word' id='word_1_220' title='bbox 847 1989 868 2015; x_wconf 93' lang='lat' dir='ltr'>e</span> <span class='ocrx_word' id='word_1_221' title='bbox 900 1989 1065 2029; x_wconf 86' lang='lat' dir='ltr'>corpore</span> <span class='ocrx_word' id='word_1_222' title='bbox 1098 1979 1256 2029; x_wconf 88' lang='lat' dir='ltr'>sanguis</span> 
     </span>
     <span class='ocr_line' id='line_1_34' title="bbox 216 2035 1062 2088; baseline 0 -13"><span class='ocrx_word' id='word_1_223' title='bbox 216 2036 359 2088; x_wconf 86' lang='lat' dir='ltr'>Fugit,</span> <span class='ocrx_word' id='word_1_224' title='bbox 392 2042 432 2074; x_wconf 90' lang='lat' dir='ltr'>et</span> <span class='ocrx_word' id='word_1_225' title='bbox 462 2035 636 2074; x_wconf 85' lang='lat' dir='ltr'>hirsutae</span> <span class='ocrx_word' id='word_1_226' title='bbox 669 2035 874 2086; x_wconf 86' lang='lat' dir='ltr'>deriguere</span> <span class='ocrx_word' id='word_1_227' title='bbox 906 2048 1062 2075; x_wconf 87' lang='lat' dir='ltr'>comae.</span> 
     </span>
     <span class='ocr_line' id='line_1_35' title="bbox 159 2091 1154 2146; baseline -0.001 -12"><span class='ocrx_word' id='word_1_228' title='bbox 159 2095 207 2134; x_wconf 92' lang='lat' dir='ltr'>Ut</span> <span class='ocrx_word' id='word_1_229' title='bbox 238 2095 354 2134; x_wconf 88' lang='lat' dir='ltr'>rediit</span> <span class='ocrx_word' id='word_1_230' title='bbox 385 2095 536 2133; x_wconf 87' lang='lat' dir='ltr'>animus</span> <span class='ocrx_word' id='word_1_231' title='bbox 555 2124 566 2145; x_wconf 86' lang='lat'><em>,</em></span> <span class='ocrx_word' id='word_1_232' title='bbox 600 2091 665 2132; x_wconf 74' lang='lat' dir='ltr'>‘da</span> <span class='ocrx_word' id='word_1_233' title='bbox 699 2099 806 2132; x_wconf 89' lang='lat' dir='ltr'>certa</span> <span class='ocrx_word' id='word_1_234' title='bbox 836 2091 1024 2146; x_wconf 89' lang='lat' dir='ltr'>piamina&#39;</span> <span class='ocrx_word' id='word_1_235' title='bbox 1058 2094 1154 2133; x_wconf 86' lang='lat' dir='ltr'>dixit</span> 
     </span>
     <span class='ocr_line' id='line_1_36' title="bbox 216 2152 1205 2205; baseline 0 -13"><span class='ocrx_word' id='word_1_236' title='bbox 216 2153 435 2205; x_wconf 85' lang='lat' dir='ltr'>Fulminis,</span> <span class='ocrx_word' id='word_1_237' title='bbox 467 2152 634 2191; x_wconf 87' lang='lat' dir='ltr'>altorum</span> <span class='ocrx_word' id='word_1_238' title='bbox 665 2164 812 2203; x_wconf 84' lang='lat' dir='ltr'>rexque</span> <span class='ocrx_word' id='word_1_239' title='bbox 844 2158 1033 2204; x_wconf 86' lang='lat' dir='ltr'>paterque</span> <span class='ocrx_word' id='word_1_240' title='bbox 1066 2153 1205 2205; x_wconf 85' lang='lat' dir='ltr'>deum,</span> 
     </span>
     <span class='ocr_line' id='line_1_37' title="bbox 72 2210 1127 2263; baseline -0.002 -11"><span class='ocrx_word' id='word_1_241' title='bbox 72 2221 137 2252; x_wconf 82' lang='lat'>335</span> <span class='ocrx_word' id='word_1_242' title='bbox 159 2212 199 2251; x_wconf 90' lang='lat' dir='ltr'>Si</span> <span class='ocrx_word' id='word_1_243' title='bbox 232 2219 298 2251; x_wconf 85' lang='lat' dir='ltr'>tua</span> <span class='ocrx_word' id='word_1_244' title='bbox 330 2213 563 2262; x_wconf 89' lang='lat' dir='ltr'>contigimus</span> <span class='ocrx_word' id='word_1_245' title='bbox 594 2210 773 2249; x_wconf 88' lang='lat' dir='ltr'>manibus</span> <span class='ocrx_word' id='word_1_246' title='bbox 805 2211 965 2249; x_wconf 86' lang='lat' dir='ltr'>donaria</span> <span class='ocrx_word' id='word_1_247' title='bbox 996 2213 1127 2263; x_wconf 86' lang='lat' dir='ltr'>puris,</span> 
     </span>
     <span class='ocr_line' id='line_1_38' title="bbox 216 2267 1371 2322; baseline 0 -13"><span class='ocrx_word' id='word_1_248' title='bbox 216 2270 296 2309; x_wconf 90' lang='lat' dir='ltr'>Hoc</span> <span class='ocrx_word' id='word_1_249' title='bbox 329 2281 484 2322; x_wconf 88' lang='lat' dir='ltr'>quoque</span> <span class='ocrx_word' id='word_1_250' title='bbox 504 2301 515 2321; x_wconf 89' lang='lat'>‚</span> <span class='ocrx_word' id='word_1_251' title='bbox 547 2269 649 2321; x_wconf 90' lang='lat' dir='ltr'>quod</span> <span class='ocrx_word' id='word_1_252' title='bbox 682 2270 858 2321; x_wconf 85' lang='lat' dir='ltr'>petitur,</span> <span class='ocrx_word' id='word_1_253' title='bbox 898 2271 931 2308; x_wconf 93' lang='lat' dir='ltr'>si</span> <span class='ocrx_word' id='word_1_254' title='bbox 963 2272 1026 2322; x_wconf 89' lang='lat' dir='ltr'>pia</span> <span class='ocrx_word' id='word_1_255' title='bbox 1057 2270 1187 2321; x_wconf 88' lang='lat' dir='ltr'>lingua</span> <span class='ocrx_word' id='word_1_256' title='bbox 1218 2267 1371 2321; x_wconf 84' lang='lat' dir='ltr'>rogat.&#39;</span> 
     </span>
    </p>
   </div>
  </div>
 </body>
</html>
