1575 2489
526 52 670 85 IBIDIS
696 53 736 87 V.
765 54 886 85 1—2-2.
1288 48 1371 90 103

587 684 837 738 IBIS.

162 853 332 903 Tempus
370 852 415 890 ad
454 851 554 904 hoc,
592 851 727 890 lustris
765 850 823 889 his
863 852 938 888 iam
977 850 1071 888 mihi
1108 851 1280 901 quinque

284 912 476 961 peractis,

222 968 345 1007 Omne
377 969 451 1007 suit
481 967 612 1007 Musae
645 979 802 1007 carmen
833 969 982 1006 inerme
1017 979 1147 1017 meae3

164 1026 382 1078 Nullaque,
416 1038 512 1076 quae
544 1027 697 1078 possit,
730 1027 887 1076 scriptis
919 1030 978 1064 tot
1008 1025 1188 1076 milibus,
1221 1030 1324 1063 extat

220 1085 368 1124 Littera
399 1084 563 1123 Nasonis
596 1084 890 1135 sanguinolenta
922 1084 1020 1134 legi:

123 1151 143 1181 5
163 1142 243 1182 Nee
276 1154 509 1193 quemquam
541 1144 666 1181 nostri
698 1143 774 1181 nisi
805 1154 865 1180 me
898 1140 1046 1180 laesere
1078 1140 1223 1192 libelli,

223 1201 391 1239 Artificis
423 1202 540 1251 periit
571 1213 660 1239 cum
692 1206 809 1250 caput
840 1200 931 1238 Arte
964 1212 1056 1238 sua.

164 1259 273 1298 Unus
300 1281 342 1285 —
370 1264 408 1297 et
433 1258 506 1297 hoc
532 1260 659 1309 ipsum
687 1264 746 1297 est
770 1259 912 1296 iniuria
938 1269 1074 1308 magna
1100 1279 1142 1283 —
1164 1268 1376 1308 perennem

224 1317 411 1355 Candoris
444 1316 600 1355 titulum
632 1328 710 1355 non
743 1317 836 1355 sinit
866 1328 952 1354 esse
984 1318 1086 1354 mei.

165 1375 350 1425 Quisquis
387 1375 420 1412 is
459 1379 547 1426 est,
585 1396 627 1400 —
665 1386 753 1412 nam
791 1386 933 1413 nomen
971 1374 1096 1413 adhuc
1135 1378 1348 1424 utcumque

888 1431 1024 1470 tacebo
1054 1453 1108 1459 —

103 1500 146 1530 10
225 1490 336 1541 Cogit
366 1491 584 1528 inassuetas
616 1501 772 1529 sumere
803 1489 880 1528 tela
911 1501 1071 1529 manus.

165 1548 232 1587 Ille
264 1548 479 1598 relegatum
510 1547 658 1598 gelidos
691 1547 882 1598 aquilonis
914 1547 961 1586 ad
993 1553 1103 1586 ortus

222 1606 308 1645 Non
341 1607 433 1645 sinit
465 1605 578 1644 exilio
611 1606 811 1645 delituisse
843 1618 959 1657 meo3

165 1665 413 1715 Vulneraque
445 1665 591 1703 inmitis
624 1665 801 1714 requiem
834 1665 1061 1715 quaerentia
1094 1670 1227 1715 vexat,

224 1723 344 1761 Iactat
375 1728 414 1761 et
444 1724 484 1761 in
515 1728 596 1761 toto
630 1724 785 1761 nomina
817 1728 951 1761 nostra
981 1722 1090 1773 foro3

104 1789 146 1820 15
167 1781 440 1832 Perpetuoque
472 1781 567 1819 mihi
599 1782 782 1819 sociatam
814 1780 971 1819 foedere
1004 1780 1096 1819 lecti

225 1839 310 1877 Non
341 1840 489 1890 patitur
521 1840 595 1877 vivi
626 1839 764 1877 funera
794 1838 889 1877 flere
921 1839 1018 1876 viri.

168 1897 343 1948 Cumque
389 1908 459 1948 ego
504 1908 644 1948 quassa
687 1908 795 1936 meae
841 1896 1076 1947 complectar
1120 1895 1293 1934 membra

891 1956 1068 2006 carinae,

224 2013 425 2064 Naufragii
457 2012 608 2052 tabulas
640 2019 788 2064 pugnat
818 2012 963 2052 hahere
995 2014 1096 2051 mei:

167 2070 216 2110 Et
248 2073 315 2122 qui
347 2071 536 2110 debuerat
567 2071 716 2110 subitas
748 2073 976 2122 extinguere
1009 2071 1205 2121 flammas,

107 2137 149 2169 20
228 2128 300 2168 Hic
332 2129 515 2181 praedam
547 2129 674 2168 medio
707 2135 841 2181 raptor
873 2129 919 2168 ab
952 2131 1041 2179 igne
1073 2130 1193 2179 petit.

167 2187 343 2238 Nititur,
377 2193 421 2227 ut
451 2188 638 2239 profugae
671 2187 798 2227 desint
831 2187 1011 2226 alimenta
1043 2191 1246 2225 senectae.
1328 2188 1363 2219 (2)

227 2244 342 2284 Heu!
387 2251 529 2297 quanto
563 2252 623 2285 est
654 2248 798 2285 nostris
831 2246 984 2297 dignior
1016 2247 1098 2297 ipse
1131 2243 1263 2283 malis!
