1575 2489
208 66 291 108 150
741 68 804 99 Ex
829 67 985 99 PONTO

324 175 409 221 Quo
441 175 597 213 fortuna
628 175 749 224 magis
782 175 932 225 saevit,
961 175 1083 224 magis
1115 175 1198 225 ipse
1230 174 1404 226 resistis,

381 232 508 283 thue
541 232 682 283 decet,
713 243 762 270 ne
793 237 832 270 te
863 233 1000 271 vicerit
1029 232 1091 270 illa
1110 263 1121 284 ,
1153 244 1289 283 caves,

322 291 371 329 Et
402 290 501 328 bene
533 291 591 328 uti
621 301 772 341 pugnes
791 321 801 341 ‚
832 289 932 328 bene
962 302 1139 341 pugnans
1172 290 1291 328 efficit
1320 289 1466 328 hostis.

383 348 447 386 Sic
480 347 614 387 eadem
645 347 807 398 prodest
839 359 955 387 causa
986 355 1179 399 nocetque
1211 348 1330 386 mihi.

261 416 303 446 55
326 406 481 445 Scilicet
512 406 743 458 indignum,
774 407 925 445 iuvenis
956 407 1153 445 rarissime
1171 438 1182 457 ‚
1214 406 1325 444 ducis

383 464 437 502 Te
469 464 555 503 fieri
586 465 767 502 comitem
800 466 937 503 stantis
968 466 1008 503 in
1040 464 1133 503 orbe
1166 464 1283 503 deae.

324 522 479 561 Firmus
513 533 583 574 es,
615 530 653 561 et
685 523 868 572 quoniam
899 534 976 561 non
1009 528 1101 561 sunt
1131 535 1175 561 ea
1193 553 1204 573 ‚
1236 521 1363 572 qualia
1394 520 1533 574 velles,

383 580 473 619 Vela
505 582 608 631 regis
641 592 803 631 quassae
836 580 1129 631 qualiacumque
1162 581 1278 618 ratis.

327 638 510 689 Quaeque
543 640 595 677 ita
627 650 817 677 concussa
849 644 938 689 est,
969 644 1014 678 ut
1044 640 1119 677 iam
1152 649 1289 677 casura
1318 643 1501 689 putetur,

263 706 307 737 60
385 697 520 735 Restat
551 696 676 735 adhuc
708 698 854 735 umeris
886 696 981 735 fulta
1011 698 1125 735 ruina
1156 698 1256 735 tuis.

328 755 387 794 Ira
421 754 576 805 quidem
609 756 735 805 primo
768 755 895 794 fuerat
926 761 992 793 tua
1022 756 1153 806 iusta,
1186 766 1257 793 nec
1289 755 1373 805 ipso
1481 762 1535 794 (47)

385 813 556 865 Lenior,
589 814 761 851 offensus
794 814 860 864 qui
892 812 987 851 mihi
1017 814 1102 851 iure
1135 813 1232 851 fuit.

328 872 480 922 Quique
514 870 623 910 dolor
653 878 792 922 pectus
824 872 1017 922 tetigisset
1048 870 1223 909 Caesaris
1255 870 1344 922 alti,

384 930 496 968 Illum
527 929 682 968 iurabas
714 931 893 980 protinus
926 941 1011 967 esse
1044 935 1178 968 tuum.

263 997 305 1028 65
326 988 376 1027 Ut
406 993 536 1026 tamen
569 987 697 1026 audita
729 994 789 1026 est
820 993 976 1026 nostrae
1008 987 1079 1026 tibi
1111 987 1229 1026 cladis
1262 988 1397 1038 origo,

384 1045 533 1084 Diceris
565 1047 703 1084 erratis
735 1047 970 1096 ingemuisse
1003 1047 1123 1085 meiS.

328 1104 428 1142 Tum
460 1110 526 1142 tua
557 1115 618 1142 me
650 1105 820 1154 primum
852 1103 968 1142 solari
999 1104 1128 1142 littera
1160 1104 1288 1153 coepit

385 1162 433 1200 Et
464 1161 611 1200 laesum
643 1162 749 1200 flecti
781 1173 888 1212 spem
921 1161 1012 1199 dare
1043 1173 1157 1212 posse
1190 1161 1329 1199 deum.

327 1220 445 1258 Movit
476 1221 665 1258 amicitiae
697 1225 780 1258 tum
812 1226 850 1258 te
883 1221 1099 1258 constantia
1130 1219 1288 1270 longae,

266 1288 308 1318 το
387 1279 485 1316 Ante
519 1284 606 1317 tuos
639 1284 749 1316 ortus
782 1289 880 1328 quae
912 1277 1008 1316 mihi
1041 1282 1176 1328 coepta
1208 1278 1302 1328 fuit,

328 1336 376 1375 Et
410 1336 513 1386 quod
545 1348 631 1375 eras
663 1336 746 1374 aliis
779 1337 904 1375 sactus
923 1368 933 1386 ,
965 1336 1059 1374 mihi
1091 1340 1204 1374 natus
1237 1336 1407 1387 amicus,

387 1394 579 1445 Quodque
611 1394 683 1433 tibi
714 1396 752 1433 in
785 1395 896 1433 cunis
930 1393 1061 1433 oscula
1092 1395 1217 1445 prima
1249 1392 1359 1432 dedi.

328 1452 439 1498 Quod
477 1465 566 1492 cum
605 1459 732 1491 vestra
765 1452 903 1491 domus
940 1453 1086 1491 teneris
1118 1451 1213 1490 mihi
1250 1463 1404 1503 semper
1436 1451 1483 1490 ab

1052 1511 1162 1548 annis

388 1569 498 1608 Culta
530 1570 609 1619 sit,
641 1580 727 1608 esse
759 1575 870 1607 vetus
903 1580 963 1606 me
996 1568 1065 1607 tibi
1098 1569 1201 1618 cogit
1232 1580 1353 1606 onus.

267 1636 309 1666 75
331 1627 390 1666 Me
423 1634 515 1665 tuus
546 1626 609 1665 ille
640 1632 778 1677 pater,
811 1627 941 1665 Latiae
975 1626 1154 1665 facundia
1184 1625 1361 1677 linguae,

391 1685 497 1730 Quae
530 1697 607 1723 non
639 1685 801 1723 inferior
833 1684 1032 1723 nobilitate
1064 1685 1160 1735 fuit,

330 1744 513 1794 Primus,
549 1749 592 1782 ut
623 1743 807 1782 auderem
839 1745 1083 1782 committere
1116 1744 1287 1781 carmina
1318 1742 1466 1793 famae,

389 1801 574 1853 Impulit.
629 1803 775 1852 ingenii
807 1801 885 1840 dux
917 1802 990 1840 fuit
1021 1800 1085 1839 ille
1117 1802 1215 1840 mei.

331 1860 410 1899 Nec
430 1891 440 1911 ‚
473 1871 549 1911 quo
582 1861 632 1898 sit
663 1861 833 1910 primum
865 1859 978 1898 nohis
1010 1872 1029 1897 a
1061 1865 1236 1910 tempore
1269 1858 1420 1911 cultus,

268 1927 311 1958 80
391 1917 591 1957 Contendo
625 1918 784 1957 fratrem
817 1930 930 1969 posse
963 1918 1113 1956 referre
1146 1923 1278 1956 tuum.

331 1976 384 2015 Te
417 1983 546 2015 tamen
579 1983 666 2015 ante
699 1978 823 2015 omnis
855 1978 908 2015 ita
939 1988 1025 2015 sum
1058 1976 1298 2027 conplexus,
1331 1981 1374 2015 ut
1404 1987 1505 2015 unus

391 2034 573 2080 Quolibet
604 2035 643 2073 in
677 2047 768 2073 casu
801 2036 922 2085 gratia
954 2040 1086 2073 nostra
1118 2034 1243 2073 sores.

332 2092 471 2132 Ultima
503 2105 564 2132 me
597 2099 725 2132 tecum
758 2093 852 2132 vidit
883 2094 1120 2143 maestisque
1153 2092 1336 2131 cadentes
1484 2098 1539 2132 (48)

390 2151 553 2202 Excepit
585 2151 761 2190 lacrimas
793 2150 964 2190 Aethalis
995 2151 1072 2189 Ilva
1103 2152 1239 2202 genis:

269 2218 311 2249 85
333 2210 428 2248 Cum
462 2209 530 2248 tibi
564 2211 795 2262 quaerenti,
827 2221 920 2248 num
952 2221 1068 2248 verus
1100 2211 1260 2248 nuntius
1293 2214 1419 2259 esset,

391 2268 583 2307 Attulerat
615 2267 749 2319 culpae
783 2280 898 2319 quem
929 2267 1027 2307 mala
1059 2268 1156 2306 fama
1190 2280 1320 2319 meae,
