1601 2484
1258 73 1379 108 XXIX

47 184 294 233 aliquantum
326 183 450 220 oratio
482 184 623 230 restat3
663 182 730 219 sed
761 182 954 220 insertum
983 183 1162 230 lacunae,
1200 182 1378 231 quamvis

48 243 215 279 ascitum
245 241 425 279 fortassis
457 253 503 278 ex
534 240 710 289 margine
742 240 958 289 archetypi,
990 242 1035 277 ut
1060 240 1107 278 de
1137 240 1231 278 locis
1257 240 1378 277 Ibidis

49 301 144 348 439,
177 301 258 338 461
293 300 428 338 visum.
503 298 639 336 eodem
669 298 783 346 plane
815 299 930 336 modo
956 297 993 334 V
1021 299 1102 336 633
1135 298 1378 347 antiquariae

48 357 248 395 doctrinae
284 357 500 395 frustulum
537 357 620 394 loco
651 368 730 393 non
761 368 830 394 suo
862 357 903 393 in
934 358 1108 394 extrema
1137 356 1281 406 pagina
1311 368 1378 404 po-

49 415 179 462 Situm,
206 416 338 464 qualia
363 414 467 461 alibi,
494 416 540 452 ut
563 414 584 452 I
611 416 692 452 323
723 416 817 463 609,
843 414 905 451 III
932 416 1027 463 233,
1053 415 1182 452 locum
1209 417 1377 453 servant.

164 474 257 524 Pag.
284 481 374 512 XCV
401 475 575 511 extrema
599 473 678 510 tria
703 475 794 510 sunt
820 473 998 520 disticha,
1024 472 1085 509 ΠΙ
1106 474 1187 510 499
1211 472 1259 510 ad
1281 474 1378 521 504,

47 544 171 569 unum
202 532 415 570 absurdum
445 543 516 568 nec
549 530 803 580 emendabile,
835 531 911 568 (1110
938 530 1143 568 sententiis
1171 531 1312 568 coactis
1340 534 1380 568 et

47 590 257 638 affectatis,
303 601 402 638 quae
438 601 563 639 neque
596 589 798 638 scripsisse
839 590 1014 638 poetam,
1056 600 1200 637 neque,
1243 588 1276 626 si
1313 588 1377 625 de-

47 649 214 697 leantur,
245 648 398 696 reliqua
427 650 510 685 tam
540 647 671 685 ieiuna
702 649 742 684 et
773 659 911 695 aspera
942 646 1112 683 voluisse
1138 646 1378 694 putaverim,

46 718 116 744 1100
146 719 249 744 nunc
280 706 554 754 dubitaverim,
587 706 682 754 quin
711 717 897 742 numerus
928 716 1113 742 versuum
1144 705 1379 742 amissorum

46 765 157 803 velut
187 777 210 801 a
240 764 415 802 Lucretii
447 764 575 802 scriba
604 763 774 801 traditus
806 763 937 800 fuerit.

166 822 262 871 Pag.
297 831 402 860 CXVI
441 833 577 859 versus
615 829 684 858 1111
717 822 768 858 81
804 821 854 858 ad
886 822 940 858 84
972 833 1051 858 non
1082 820 1379 869 circumscripsi,

47 880 138 930 quia
176 880 275 918 vitia
311 879 490 918 dictionis
528 881 598 917 aut
635 879 782 916 absona
819 878 958 927 aliqui,
995 881 1041 916 ut
1071 879 1213 928 reliqui
1245 891 1378 917 omnes

46 939 88 975 hi
118 938 211 986 loci,
248 950 327 976 non
356 938 514 976 habent.
588 939 754 986 possunt
791 938 925 974 autem
962 937 1260 975 commemorari
1290 950 1378 975 con-

45 997 262 1035 troversiae
294 996 401 1033 illius
431 996 599 1044 nomine,
631 1007 731 1044 quae
763 997 824 1033 est
855 995 902 1032 de
934 995 1214 1033 retractatione
1241 995 1378 1033 Fasto-

47 1068 134 1092 rum
171 1057 261 1103 post
298 1067 443 1092 annum
475 1054 520 1092 U.
553 1066 583 1091 0.
615 1061 803 1101 DCCLXI,
842 1052 889 1090 de
921 1065 998 1102 qua
1029 1054 1123 1092 olim
1154 1054 1219 1104 egi
1249 1054 1290 1090 in
1322 1054 1378 1091 ed.

48 1113 170 1151 Reim.
219 1126 254 1162 p.
306 1120 471 1151 CCLVII.
546 1124 624 1150 non
673 1111 892 1161 spernenda
948 1114 1008 1150 est
1065 1112 1379 1161 interpolationis

49 1171 156 1219 haec,
189 1172 300 1220 siqua
331 1173 403 1220 est,
433 1170 704 1219 probabilitas,
743 1170 776 1208 si
808 1170 1036 1218 scrupulum
1067 1170 1179 1208 illum
1211 1170 1379 1208 eximere

48 1229 184 1277 possit.
257 1229 435 1266 versibus
467 1230 671 1278 quattuor,
703 1228 771 1276 qui
801 1231 1061 1277 evanuerant,
1098 1241 1176 1266 non
1207 1231 1267 1266 est
1298 1241 1377 1266 cre-

49 1286 169 1324 dibile
195 1286 293 1324 alios
319 1286 539 1324 nominatos
559 1287 681 1324 fuisse
701 1285 887 1324 Graeciae
908 1287 1089 1333 advenas,
1115 1287 1380 1335 Idomeneum,

47 1345 218 1394 Epeum,
261 1345 523 1394 Philocteten3
573 1357 643 1382 nec
690 1344 881 1393 suppetit,
931 1344 1025 1393 quid
1075 1344 1150 1382 dici
1192 1346 1378 1394 potuerit.

46 1416 83 1441 v.
105 1404 158 1441 83
185 1415 285 1452 quae
311 1402 535 1453 incongrua,
567 1415 616 1440 ne
648 1402 846 1440 emendari
879 1403 1035 1451 quidem
1061 1403 1262 1441 commode
1289 1416 1378 1452 pos-

49 1463 150 1498 sunt.
225 1460 408 1499 admonet
458 1473 519 1498 me
569 1473 632 1498 res
680 1461 948 1510 inexspectata
991 1472 1127 1499 versus
1171 1461 1381 1511 Aeschylei

47 1519 156 1558 Pers.
188 1520 289 1567 850,
322 1519 389 1568 qui
419 1518 466 1557 A.
492 1518 738 1568 Koechlyum
768 1519 904 1556 multis
936 1519 1048 1557 annis
1080 1519 1309 1569 exagitabat
1342 1523 1379 1558 et

48 1577 99 1615 ad
129 1577 374 1627 ingeniosum
412 1577 459 1614 de
497 1589 544 1615 ea
574 1577 731 1615 fabulae
763 1579 1027 1616 commentum
1059 1577 1237 1616 adduxit:
1270 1591 1379 1617 nam-

48 1648 122 1684 que
158 1636 226 1674 ille
262 1648 416 1685 quoque
452 1648 590 1674 versus
622 1635 728 1674 cadit
757 1636 799 1674 in
828 1636 996 1685 paginae
1028 1637 1232 1686 archetypi
1262 1646 1381 1676 XXIII

49 1695 229 1732 lacunam
266 1707 310 1732 ac
347 1694 536 1733 conflatus
575 1707 595 1732 e
630 1695 781 1732 duobus
818 1695 923 1732 lectu
954 1694 1180 1733 difficilibus
1211 1695 1378 1734 videtur.

164 1753 257 1803 Pag.
279 1760 403 1791 CXXV
429 1753 621 1792 distichon
646 1753 727 1790 IIII
748 1754 832 1791 234
860 1754 941 1792 235
975 1754 1153 1802 spurium
1178 1756 1218 1792 et
1243 1755 1379 1792 absur-

49 1811 142 1848 dum
173 1812 330 1861 egregie
361 1811 549 1850 indicavit
578 1811 640 1850 vir
670 1811 807 1850 doctus
833 1811 896 1851 W.
923 1810 1077 1850 Gemoll
1107 1813 1149 1850 in
1174 1813 1379 1851 annalibus

47 1869 234 1908 Fleckeis.
272 1870 364 1907 anni
404 1871 527 1909 1878.
600 1870 667 1908 00(1
705 1869 901 1909 inserendi
939 1881 1097 1909 causam
1134 1871 1284 1909 nullam
1323 1872 1378 1909 di-

49 1928 200 1977 spicias,
243 1928 320 1966 nisi
355 1929 495 1967 lacuna
531 1929 693 1967 inventa
726 1929 856 1967 fuerit.
930 1928 1161 1967 crediderim
1205 1930 1380 1967 eiusdem

48 1986 151 2024 arch.
185 1987 348 2024 schedae
379 1988 524 2036 pagina
555 1999 694 2026 aversa
725 1988 846 2026 etiam
878 1990 1171 2036 pentametrum
1203 1988 1380 2027 ablatum

47 2045 187 2093 fuisse,
218 2057 309 2082 nam
342 2046 408 2094 qui
434 2045 546 2084 adest
572 2047 668 2094 306,
700 2045 831 2084 Ovidii
855 2058 933 2084 non
958 2045 1126 2095 videtur,
1159 2058 1274 2096 quem
1302 2059 1381 2084 non

47 2104 209 2141 memini
244 2105 475 2143 nobilitatem
514 2106 627 2151 faciei
663 2106 732 2143 aut
769 2105 869 2143 alius
907 2105 964 2142 rei
1001 2106 1185 2142 externae
1223 2105 1378 2154 dixisse,

47 2164 322 2211 praeterquam
360 2175 436 2200 uno
468 2162 570 2212 loco,
608 2175 724 2212 quem
761 2164 925 2212 posthac
962 2165 1190 2211 corruptum
1221 2163 1377 2202 demon-

49 2221 194 2269 strabo,
227 2232 250 2258 a
280 2232 355 2270 quo
386 2218 647 2270 interpolator
678 2221 797 2259 etiarn
829 2221 1048 2260 ablativum
1079 2217 1287 2261 ‘nobilitate
1303 2234 1379 2271 pro

48 2274 102 2328 τῖ’,
133 2282 178 2317 ut
208 2281 322 2318 vetus
347 2279 543 2329 glossator
573 2280 762 2329 habebat,
795 2279 944 2318 ascivit.
