1601 2484
1234 58 1378 119 'xxxv

47 196 152 247 quod
183 197 277 234 olim
308 195 453 234 conieci
480 196 658 232 inwnzmz‘s
680 195 897 242 provincia,
929 205 1007 231 non
1031 195 1164 242 potest
1190 193 1272 232 sine
1298 206 1377 231 am-

45 255 214 304 bagibus
241 253 514 303 etymologicis
535 252 646 299 effici,
674 254 719 289 ut
741 252 934 302 significet
953 264 1050 302 quas
1071 252 1230 290 Tacitus
1250 252 1378 290 tribus

47 314 142 352 locis
173 316 333 352 inermes
356 313 579 360 provincias
611 310 717 348 dixit.
791 311 998 360 vulgatum
1030 312 1153 349 omnis
1175 312 1380 358 provincia

48 372 125 410 scio
164 384 187 409 a
223 371 307 409 viro
345 369 486 407 eximio
524 371 727 417 acceptum
759 368 806 406 de
837 369 1031 417 republica
1061 370 1103 407 in
1133 371 1287 407 senatus
1310 380 1379 416 po-

42 431 199 478 palaque
229 429 398 467 Romam
438 428 641 466 arbitrium
678 428 887 476 translata,
926 427 1030 476 quod
1060 427 1265 476 Augustus
1297 427 1380 475 ipse

46 489 88 526 in
124 489 375 525 monumento
413 486 622 535 Ancyrano
662 484 708 522 de
748 497 788 523 se
824 485 1035 533 professus.
1109 485 1156 523 de
1200 485 1381 523 vocabuli

42 548 244 596 provmcz'a
274 544 516 594 proprietate
546 555 625 582 non
656 543 782 582 ausim
813 543 1003 581 iudicare:
1044 542 1227 581 Ovidium
1259 543 1380 580 credi-

48 605 171 642 derim
202 603 451 653 potissimum
488 602 535 640 de
574 614 726 640 summa
755 601 934 651 potentia
965 600 1090 638 denuo
1121 601 1290 639 feliciter
1322 613 1382 639 ac-

48 664 162 712 cepta
191 661 510 710 praedicaturum
541 660 674 699 fuisse.
748 660 850 709 apud
875 659 1043 697 Dionem
1075 661 1179 697 certe
1209 658 1259 696 de
1290 671 1380 708 pro-

47 721 264 760 vinciarum
301 719 492 758 divisione
529 721 612 757 tam
642 719 760 767 plana
792 730 836 756 ac
868 717 1015 755 diserta
1045 717 1192 756 mentio
1225 719 1301 766 est,
1338 719 1383 754 ut

48 780 130 817 leni
159 777 429 816 emendatione
460 777 510 815 ad
547 789 633 815 eam
668 776 795 814 redire
832 776 959 814 liceat.
1034 776 1119 814 or‘zis
1156 777 1217 813 est
1249 777 1382 818 omnis,

49 839 132 876 ostis
163 839 296 875 oneris.
368 837 484 874 vestri
515 835 651 883 scripsi
683 846 753 883 pro
786 846 844 881 eo,
877 834 980 883 quod
1013 836 1072 872 est
1103 837 1224 872 vestro
1255 834 1295 871 in
1322 845 1382 872 co-

50 896 200 934 dicibus
232 894 511 933 vetustissimis
543 893 760 931 Petaviano
793 895 834 930 et
864 891 1086 941 Ursiniano,
1118 904 1285 941 quorum
1316 892 1383 929 ille

51 954 246 1004 syllabam
270 964 317 991 ue
341 952 534 1000 adrasam,
561 952 662 989 alter
686 951 885 1000 integram
911 963 934 988 a
959 951 1086 1000 prima
1111 962 1241 998 manu,
1268 962 1385 998 super

51 1014 195 1061 scripto
228 1023 251 1049 a
283 1010 452 1049 secunda
482 1021 547 1058 πο,
579 1010 763 1048 habebat.
836 1010 938 1047 orbis
976 1021 1072 1047 onus
1108 1009 1285 1057 proxime
1324 1010 1385 1046 est

49 1085 85 1111 v.
109 1072 204 1119 616,
236 1071 398 1108 civitatis
429 1081 524 1107 onus
554 1068 658 1116 apud
689 1068 844 1106 Livium
875 1067 916 1105 II
943 1069 1010 1105 49.
1084 1067 1291 1116 genetivus
1325 1069 1386 1104 est

52 1129 179 1179 qualis
211 1128 316 1177 apud.
333 1127 491 1165 Livium
511 1126 624 1164 XXII
645 1127 701 1165 40
728 1127 924 1164 consulum
944 1127 1040 1164 anm*
1051 1127 1201 1173 priorz's
1220 1125 1278 1162 M.
1299 1123 1384 1163 Ate-

52 1190 156 1234 lium,
189 1186 414 1224 Ciceronem
444 1185 492 1223 de
523 1197 632 1233 prov.
664 1196 767 1223 cons.
797 1187 820 1222 2
849 1183 875 1232 ξ
903 1187 928 1222 4
953 1186 1190 1232 provincias,
1223 1195 1387 1231 quarum

54 1246 286 1284 Macedonia
310 1264 367 1269 —-
393 1247 561 1282 vexatur.
626 1245 831 1290 provincia
861 1255 932 1291 pro
957 1244 1071 1291 parte
1096 1241 1387 1291 provinciarum

54 1303 277 1342 offensionis
307 1302 407 1339 nihil
438 1301 569 1340 habet.

171 1356 332 1399 LIB.II
349 1357 432 1398 103
446 1367 571 1397 METU
586 1367 767 1398 VIDUUS.
829 1359 921 1397 libri
939 1362 1040 1397 metu
1057 1359 1239 1406 pavidus.

56 1416 139 1458 195
158 1425 427 1457 VEIENTIBUS
447 1425 598 1456 ARMIS.
670 1417 727 1455 ita
747 1417 838 1455 libri
850 1418 1011 1455 meliore
1030 1429 1108 1454 uno
1129 1418 1290 1465 excepto
1307 1429 1386 1454 om-

52 1490 132 1516 nes.
203 1489 363 1515 versum
401 1477 630 1525 sequentem
662 1475 837 1524 spurium
868 1476 1012 1524 habeo,
1051 1474 1154 1524 quod
1185 1474 1305 1512 cladis
1339 1475 1389 1512 ad

53 1535 278 1574 Cremeram
309 1536 490 1582 acceptae
517 1534 706 1571 memoria
737 1545 826 1571 cum
858 1533 1026 1571 Alliensi
1058 1533 1265 1571 coniuncta
1289 1532 1387 1570 adeo

53 1596 279 1633 constanter
309 1592 466 1642 prodita
498 1595 577 1640 est,
615 1595 661 1630 ut
692 1590 877 1631 Ovidium
907 1592 1038 1641 ipsum
1068 1592 1088 1629 I
1122 1593 1174 1630 59
1215 1591 1298 1629 eius
1330 1604 1389 1629 re-

54 1654 190 1703 spectu
227 1651 428 1700 scripsisse
461 1650 697 1689 credendum
729 1651 790 1688 sit.
865 1649 912 1688 de
945 1650 1051 1688 exitu
1082 1649 1296 1687 Fabiorum
1327 1650 1390 1687 hic

54 1713 120 1762 agi
146 1711 266 1749 etiam
296 1723 331 1748 v.
360 1710 442 1748 235
476 1709 647 1748 indicare
678 1709 850 1748 videtur:
884 1711 1023 1757 coepta
1054 1710 1188 1746 tamen
1214 1710 1276 1747 est
1300 1721 1388 1746 nar-

53 1770 155 1808 ratio
194 1769 242 1807 ab
282 1768 433 1806 actione
471 1768 667 1806 consulari
705 1767 746 1805 in
784 1770 940 1815 senatu,
985 1778 1103 1816 quam
1139 1766 1265 1816 pridie
1308 1767 1389 1805 eius

55 1828 132 1866 diei
161 1827 284 1865 fuisse
316 1826 537 1865 constabat:
569 1826 659 1864 inde
691 1839 714 1864 a
738 1839 773 1864 v.
798 1827 878 1864 197
907 1825 957 1864 ad
983 1838 1016 1864 a.
1037 1826 1071 1863 d.
1092 1824 1165 1862 XV
1191 1824 1254 1862 ΚΓ
1275 1825 1391 1864 Mart.

54 1887 246 1936 pergitur,
272 1885 334 1923 cui
359 1885 416 1922 rei
440 1896 520 1922 non
545 1885 678 1923 obstat
696 1898 732 1923 v.
755 1886 850 1933 245,
878 1896 965 1922 cum
986 1896 1086 1933 quae
1108 1883 1237 1921 sidera
1256 1883 1390 1922 Idibus

55 1946 193 1994 latent,
223 1956 302 1982 non
332 1945 549 1992 appareant
579 1945 691 1982 nocte
723 1943 912 1992 sequenti,
943 1943 1020 1980 nisi
1042 1943 1167 1980 altero
1189 1942 1250 1979 die
1269 1942 1390 1980 inter-

55 2004 166 2042 iecto.
241 2004 332 2041 ante
363 2015 399 2039 v.
433 2003 515 2040 197
548 2013 642 2040 vero
674 2002 942 2050 reponendum
974 2001 1142 2039 indicavi
1171 2002 1270 2039 198:
1304 2013 1394 2038 eum

56 2074 145 2100 cum
164 2061 349 2099 librarius
375 2061 573 2098 momento
595 2060 803 2110 omisisset,
835 2059 1037 2098 subiunxit
1056 2059 1245 2108 proximo,
1279 2059 1391 2096 binos

56 2120 308 2158 hexametros
341 2120 381 2157 et
412 2120 679 2167 pentametros
712 2119 926 2168 copulavit,
960 2130 1037 2167 qua
1068 2117 1217 2155 incuria
1250 2117 1394 2166 saepis-

57 2179 151 2217 sime
183 2179 224 2216 in
254 2177 384 2216 codice
410 2177 704 2227 Hamburgensi
729 2177 993 2224 Ponticorum,
1027 2176 1170 2213 omisso
1195 2178 1394 2225 pentame-

55 2240 117 2275 tro
143 2237 162 2274 I
188 2245 222 2274 11
251 2238 315 2284 12,
343 2237 409 2283 36,
440 2244 523 2273 vm
551 2233 616 2285 20,
648 2236 688 2273 II
713 2244 779 2274 vn
806 2237 873 2283 42,
907 2235 987 2272 sine
1007 2246 1125 2272 causa
1144 2234 1164 2271 I
1182 2243 1217 2272 11
1244 2236 1296 2273 86
1325 2234 1394 2272 ali-

57 2295 243 2345 quamdiu
274 2294 513 2343 pentametri
543 2296 835 2343 promoventur,
867 2293 1086 2331 hexametri
1112 2292 1395 2342 subducuntur,

1097 2357 1115 2372 ς.

1071 2369 1115 2392 c·-
