1601 2484
136 63 186 97 IV

135 185 233 211 nem.
310 187 354 212 ea
398 178 459 214 est
501 177 773 215 fideiussorum
815 180 1116 228 commendatio,
1160 194 1236 229 qua
1275 182 1462 220 maiorem

136 243 215 268 non
254 233 369 270 multi
415 235 623 282 scriptores
666 236 828 285 habent3
872 237 933 274 cui
972 249 1042 275 nec
1083 238 1115 275 si
1151 238 1332 277 adessent
1371 241 1462 278 libri

138 301 215 326 uno
248 292 317 327 aut
342 291 466 329 altero
494 293 647 329 saeculo
672 293 919 342 vetustiores,
951 296 1139 333 momenti
1162 297 1329 334 multum
1356 310 1460 336 acce-

136 346 226 384 dere
270 360 384 396 posse
424 351 637 397 putaveris.
709 363 824 399 quem
863 351 1072 390 admodum
1110 355 1307 391 saeculum
1343 364 1374 393 X
1412 356 1460 393 ab

135 405 281 441 effrena
307 407 550 444 saeculorum
568 416 615 445 XI
636 410 675 446 et
694 417 760 446 XII
790 409 1090 458 interpolatione
1116 411 1252 450 abesse
1278 413 1458 462 creditur,

134 462 192 499 ita
224 463 439 501 scribarum
470 466 706 514 rusticitate,
745 469 935 515 quantum
958 468 1132 517 memini,
1169 471 1349 508 convenit
1374 484 1461 509 cum

135 521 298 558 saeculis
329 522 514 570 proximis
548 524 831 573 superioribus,
876 527 1103 575 ceteroquin
1133 527 1310 575 capitalis
1344 529 1459 577 serip-

135 579 249 616 turae
276 580 513 628 exemplaria
539 594 654 630 saepe
681 582 834 620 secutis.
898 583 953 621 ita
978 583 1060 632 ipse
1087 583 1337 623 Ponticorum
1361 587 1461 624 liber

134 635 445 687 Hamburgensis
488 651 613 688 neque
657 640 833 678 bonitate
878 641 1159 689 scripturarum
1201 655 1326 692 neque
1365 644 1460 692 ipsis

138 694 354 733 scribarum
379 696 529 735 mendis
555 698 670 747 longe
697 698 818 736 distat
844 710 867 736 a
891 699 1112 747 fragmento
1139 699 1460 750 Guelferbytano,

132 753 277 790 veteris
314 754 478 793 alicuius
516 756 750 794 recensionis
789 757 986 805 progenie.
1063 757 1252 805 scriptum
1281 759 1354 796 hoc
1384 760 1460 798 fuit

133 811 288 848 saeculo
339 813 521 861 septimo,
570 813 796 852 litteratura
838 815 965 852 utitur
1014 815 1167 863 eadem,
1217 829 1294 864 qua
1342 817 1461 855 codex

132 868 347 918 Augustini
396 870 684 909 Bellovacensis
736 872 827 909 anni
869 871 1049 910 DOXXV
1092 868 1314 924 (Ribbeckii
1355 875 1458 913 Prol.

133 926 250 976 Verg.
283 941 320 976 p.
355 927 468 979 232).

250 985 325 1023 Sed
355 988 489 1024 tamen
518 988 663 1025 veteris
697 988 858 1037 originis
897 988 1018 1026 libros
1050 989 1119 1026 illa
1153 990 1282 1027 aetate
1314 991 1459 1028 multos

132 1044 373 1092 superfuisse
411 1046 480 1082 aut
516 1045 769 1084 intemeratos
809 1047 999 1084 mansisse
1036 1059 1113 1084 non
1149 1047 1350 1095 probabile
1388 1051 1458 1096 est,

132 1104 341 1151 postquam
371 1103 537 1141 Romani
568 1104 723 1152 imperii
753 1104 866 1142 ruina
896 1105 1086 1142 bonarum
1117 1106 1262 1142 artium
1291 1118 1457 1154 proven-

131 1162 218 1197 tum
237 1160 277 1197 in
296 1160 402 1198 Urbe
424 1161 597 1210 obtrivit,
617 1162 657 1199 in
675 1162 883 1210 provinciis
904 1163 1101 1210 repressit.
1170 1163 1370 1201 barbaries
1389 1164 1459 1202 illa

131 1218 164 1255 si
207 1218 308 1256 forte
345 1221 485 1267 poetae
523 1220 721 1268 exemplar
757 1233 878 1257 unum
917 1220 1116 1257 residuum
1152 1221 1245 1258 fecit
1285 1223 1354 1258 aut
1397 1222 1460 1260 de-

131 1276 248 1314 scribi
287 1289 402 1325 passa
439 1279 514 1326 est,
552 1277 593 1314 id
630 1278 733 1325 quod
768 1277 808 1314 in
845 1278 979 1315 multis
1013 1278 1267 1326 scriptoribus
1298 1278 1456 1328 factum,

130 1347 229 1383 quae
266 1335 418 1383 pridem
454 1335 691 1384 interpolata
721 1336 762 1372 in
794 1348 838 1373 eo
868 1336 1044 1384 fuerunt,
1082 1338 1170 1373 rata
1200 1336 1456 1376 habebantur.

248 1393 398 1431 Novem
430 1398 521 1431 sunt
547 1394 712 1442 saecula,
744 1394 886 1442 quibus
913 1392 1041 1431 Ovidii
1066 1406 1255 1442 censores,
1289 1395 1458 1433 admira-

130 1453 254 1499 tores,
292 1451 528 1500 imitatores,
567 1464 709 1489 nomen
738 1451 909 1489 mutuati
940 1454 1009 1489 aut
1040 1452 1217 1489 ementiti
1247 1465 1458 1501 numquam

131 1509 351 1558 defuerunt,
377 1522 514 1547 versus
539 1510 644 1547 haud
669 1522 757 1547 raro
784 1509 888 1558 apud
913 1510 1120 1558 scriptores
1142 1523 1164 1547 a
1183 1510 1293 1548 libris
1313 1512 1457 1549 nostris

130 1567 395 1616 discrepantes
432 1568 702 1616 proferuntur,
741 1567 809 1605 sed
845 1567 890 1605 de
928 1568 1229 1617 interpolatione
1259 1581 1338 1606 non
1366 1570 1456 1618 plus

131 1638 248 1674 quam
280 1626 384 1675 apud
411 1626 619 1664 Horatium
649 1626 876 1674 testimonii,
906 1626 1252 1675 grammaticorum
1284 1629 1323 1664 et
1353 1627 1459 1666 litte-

130 1686 308 1722 ratorum
339 1697 454 1722 curae
485 1685 594 1722 nulla
626 1685 708 1722 eius
740 1684 856 1732 modi,
893 1684 952 1722 uti
984 1684 1030 1722 de
1061 1685 1229 1733 Lucano,
1261 1684 1457 1734 Iuvenale,

129 1742 276 1780 mentio
309 1744 379 1781 est.
452 1743 491 1780 in
520 1743 629 1791 poesi
652 1743 748 1791 ipsa,
780 1742 1022 1791 Halieuticis,
1055 1742 1301 1791 Heroidibus,
1332 1743 1456 1781 Meta-

130 1801 403 1850 morphosibus
435 1801 749 1850 interpolationis
775 1801 993 1838 rhetoricae
1019 1802 1089 1838 aut
1114 1801 1459 1851 grammaticorum

134 1859 228 1897 satis
260 1859 470 1897 manifesta
501 1862 592 1897 sunt
622 1859 775 1907 indicia,
809 1859 877 1897 sed
907 1859 947 1896 in
976 1859 1070 1896 locis
1095 1859 1190 1908 ipsis
1214 1860 1457 1908 gravissimis

131 1918 226 1955 adeo
253 1917 486 1955 indiscretae
512 1929 580 1955 eae
600 1918 873 1966 professiones,
898 1917 1070 1955 incertae
1089 1919 1250 1965 aetateS,
1275 1918 1457 1956 confusae

131 1976 361 2014 eruditionis
393 1978 434 2013 et
464 1976 640 2014 inscitiae
671 1978 798 2024 notae,
829 1975 929 2012 nihil
959 1978 1004 2013 ut
1029 1975 1248 2024 generatim
1274 1976 1458 2014 constitui

131 2036 201 2072 aut
230 2035 271 2072 in
302 2034 417 2071 huius
443 2033 490 2071 de
517 2034 633 2072 tertio
659 2034 854 2072 volumine
881 2034 1119 2082 quaestionis
1145 2046 1259 2071 usum
1284 2035 1458 2072 converti

128 2093 266 2141 possit.
339 2105 416 2130 non
452 2092 605 2141 dubito,
642 2092 736 2141 quin
772 2092 818 2129 de
856 2104 901 2129 eo
933 2092 1149 2141 cogitatum
1180 2092 1247 2140 sit,
1285 2092 1388 2140 quod
1418 2092 1458 2129 in

129 2151 255 2199 primo
288 2151 483 2188 volumine
514 2151 706 2188 librorum
731 2150 980 2200 egregiorum
1005 2150 1201 2199 beneficio,
1234 2150 1267 2187 si
1291 2150 1366 2198 ipsi
1390 2151 1458 2188 ad-

131 2212 287 2257 eantur,
330 2209 499 2247 fortasse
536 2209 765 2247 facultatem
802 2209 963 2256 habeat,
1005 2210 1048 2245 ut
1085 2208 1185 2245 liber
1222 2208 1457 2257 archetypus

131 2267 366 2305 informetur
417 2267 591 2305 eiusdem
634 2267 774 2305 aetatis
818 2278 862 2305 ac
906 2266 1164 2304 Lucretianus
1207 2266 1457 2316 Lachmanm',
