1575 2489
473 71 515 102 V.
541 79 600 104 vn
620 73 790 104 23—VI11
812 72 868 103 25.
1281 68 1337 109 93

64 187 108 218 60
129 177 325 217 Barbara:
370 189 447 216 non
479 177 646 220 hominis
679 178 790 229 culpa
823 177 890 216 sed
922 179 996 217 ista
1026 177 1123 216 loci.

126 235 181 275 Ne
214 242 342 275 tamen
374 236 565 275 Ausoniae
597 236 757 286 perdam
790 237 1023 287 commercia
1055 235 1232 288 linguae,

127 294 176 332 Et
206 294 270 332 fiat
300 295 425 345 patrio
457 306 527 334 vox
560 306 645 333 mea
676 300 782 333 muta
813 306 932 346 sono,

126 351 212 402 Ipse
244 352 383 402 loquor
414 364 567 390 mecum
599 352 838 403 desuetaque
871 352 987 391 verba
1018 357 1213 404 retracto,

126 409 175 448 Et
207 409 325 448 studii
356 417 491 461 repeto
524 411 631 460 signa
664 412 821 449 sinistra
852 412 951 450 mei.

63 476 106 508 65
128 468 192 506 Sic
223 469 395 508 animum
429 476 661 519 tempusque
694 468 804 508 traho
823 499 834 520 ‚
866 470 922 507 sic
954 480 1096 520 meque
1128 468 1273 508 reduco

126 527 156 564 A
188 526 448 577 contemplatu
481 538 785 578 summoveoque
817 526 929 566 mali.

127 583 371 623 Carminibus
403 596 548 635 quaero
580 586 813 624 miserarum
845 584 984 623 oblivia
1015 596 1172 623 rerum:

126 641 300 681 Praemia
333 644 365 681 si
398 642 526 682 studio
558 655 778 694 consequar
809 644 912 695 ista,
943 648 1003 681 sat
1034 648 1115 681 est.

609 770 736 816 VIII.

127 863 212 901 Non
244 863 338 901 adeo
371 863 524 914 cecidi,
556 864 730 913 quamvis
763 862 967 911 abiectus,
999 868 1043 902 ut
1073 862 1174 902 infra

127 921 181 959 Te
214 934 368 972 quoque
402 922 474 959 sim
495 952 505 972 ‚
537 921 701 959 inferius
733 932 810 971 quo
843 921 937 959 nihil
971 933 1056 959 esse
1088 926 1240 971 potest.

128 979 234 1024 Quae
267 979 335 1018 tibi
368 991 430 1017 res
463 981 611 1017 animos
642 980 682 1017 in
720 990 782 1017 me
822 979 941 1031 facit,
978 979 1185 1031 improbe,
1223 991 1340 1017 curve

127 1037 288 1076 Casibus
320 1037 483 1076 insultas
502 1068 513 1088 ,
545 1048 644 1088 quos
675 1042 787 1087 potes
819 1038 902 1087 ipse
934 1035 1048 1088 pati?

87 1103 106 1134 5
127 1096 206 1134 Nec
239 1095 336 1134 mala
368 1103 405 1134 te
438 1095 608 1134 reddunt
639 1097 771 1134 mitem
804 1095 1077 1146 placidumque
1109 1097 1252 1135 iacenti

127 1154 296 1206 Nostra,
328 1153 469 1204 quibus
502 1155 652 1204 possint
683 1153 928 1192 inlacrimare
960 1154 1089 1206 serae,

128 1212 206 1251 Nec
239 1214 381 1251 metuis
414 1211 531 1251 dubio
565 1211 759 1250 Fortunae
792 1213 930 1251 stantis
961 1214 1000 1251 in
1036 1212 1130 1251 orbe

129 1271 280 1309 Numen
314 1277 352 1309 et
383 1282 521 1309 exosae
553 1268 670 1308 verba
702 1269 870 1320 superba
902 1270 1019 1309 deae.

130 1329 258 1380 Exigit
289 1340 310 1367 a
342 1328 467 1379 dignis
499 1328 618 1367 ultrix
650 1327 886 1366 Rhamnusia
918 1328 1087 1379 poenas!

68 1394 108 1424 10
130 1387 299 1437 lnposito
333 1387 456 1425 calcas
489 1386 580 1437 quid
614 1398 697 1424 mea
730 1387 804 1425 fata
836 1384 970 1437 pede‘?

128 1445 211 1483 Vidi
245 1457 314 1496 ego
334 1476 344 1495 ,
377 1445 621 1495 naufragium
654 1446 721 1495 qui
752 1446 868 1495 risit,
900 1446 939 1483 in
972 1457 1141 1496 aequore
1174 1448 1320 1499 mergi,

128 1503 177 1541 Et
208 1499 457 1554 ‘Numquam’
490 1503 569 1541 dixi
599 1499 755 1542 ‘iustior
787 1502 890 1541 unda
922 1500 1030 1542 fuit?

128 1561 221 1600 Vilia
254 1563 320 1612 qui
352 1561 547 1612 quondam
579 1562 733 1599 miseris
765 1560 946 1600 alimenta
977 1568 1160 1614 negarat,

130 1619 239 1658 Nunc
272 1620 490 1658 mendicato
524 1621 696 1670 pascitur
729 1621 811 1670 ipse
845 1619 956 1658 cibo.

69 1685 109 1716 15
131 1678 312 1717 Passibus
345 1678 535 1729 ambiguis
568 1677 737 1716 Fortuna
770 1677 949 1716 volubilis
981 1685 1086 1718 errat

129 1736 177 1775 Et
209 1742 339 1775 manet
371 1738 410 1775 in
442 1736 547 1774 nullo
580 1742 687 1775 certa
718 1742 911 1787 tenaxque
945 1736 1054 1788 loco,

132 1794 205 1833 Sed
240 1795 352 1833 modo
393 1794 489 1833 laeta
528 1796 661 1845 venit,
694 1794 823 1833 vultus
855 1794 968 1833 modo
1008 1797 1126 1834 sumit
1158 1796 1320 1835 acerbos

130 1852 179 1891 Et
211 1860 360 1891 tantum
394 1860 576 1891 constans
608 1854 647 1891 in
679 1853 833 1891 levitate
866 1865 935 1891 sua
967 1860 1049 1893 est.
1333 1847 1337 1850 ⁴

129 1910 208 1949 Nos
241 1923 395 1962 quoque
428 1912 632 1950 floruimus
652 1943 661 1960 ,
693 1911 761 1950 sed
794 1911 864 1949 llos
898 1919 981 1950 erat
1011 1912 1074 1950 ille
1108 1912 1303 1965 caducus,

67 1976 110 2007 20
132 1968 378 2020 Flammaque
412 1970 459 2008 de
491 1969 632 2021 stipula
665 1975 796 2008 nostra
829 1969 1037 2022 brevisque
1071 1971 1165 2010 suit.

130 2027 232 2067 Neve
264 2035 391 2067 tamen
425 2035 504 2067 tota
537 2029 663 2079 capias
696 2028 777 2067 fera
808 2028 946 2079 gaudia
978 2034 1132 2068 mente:

131 2085 214 2124 Non
249 2093 307 2125 est
339 2086 512 2138 placandi
547 2098 636 2137 spes
669 2086 762 2125 mihi
794 2086 897 2125 nulla
930 2087 1015 2138 dei,

132 2143 197 2182 Vel
230 2145 318 2195 quia
351 2147 506 2195 peccavi
538 2147 633 2184 citra
668 2145 794 2183 scelus
814 2177 824 2196 ,
857 2151 977 2195 utque
1009 2145 1158 2196 pudore

131 2201 215 2241 Non
249 2211 382 2254 caret,
414 2203 555 2242 invidia
588 2205 643 2242 sic
676 2215 759 2242 mea
793 2203 905 2254 culpa
938 2209 1067 2256 caret,

70 2267 111 2300 25
134 2259 197 2299 Vel
232 2262 319 2312 quia
353 2261 404 2300 nil
437 2264 573 2313 ingens
606 2262 652 2300 ad
684 2262 800 2300 finem
833 2261 924 2299 solis
957 2261 1003 2299 ab
1036 2267 1125 2300 ortu
