1575 2489
497 70 556 101 IV.
583 77 626 101 iv
646 71 764 102 55—x·
786 71 838 102 34.
1285 68 1334 108 71

647 198 701 246 V.

125 294 157 332 Ο
188 294 281 332 mihi
312 292 473 331 dilectos
505 294 607 331 inter
639 305 728 343 pars
760 294 884 344 prima
916 292 1090 345 sodales,

125 352 245 391 Unica
277 351 444 389 fortunis
475 362 540 388 ara
571 356 725 401 reperta
759 352 878 402 meis,

126 410 245 448 Cuius
276 408 322 447 ab
355 408 544 458 adloquiis
577 411 702 446 anima
733 409 827 447 haec
861 409 1091 448 moribunda
1123 409 1284 459 revixit,

125 467 174 506 Ut
205 466 294 517 vigil
327 467 453 505 infusa
485 466 637 505 Pallade
670 466 821 505 flamma
854 467 973 518 solet3

84 534 105 563 5
127 525 201 570 Qui
232 526 379 563 veritus
411 536 488 562 non
521 536 562 563 es
594 530 731 575 portus
764 527 915 576 aperire
948 525 1080 564 fideles

125 583 301 622 Fulmine
333 594 542 633 percussae
577 583 880 633 confugiumque
913 584 1009 634 rati3

127 640 246 680 Cuius
279 652 384 679 eram
417 652 537 679 censu
569 653 645 679 non
679 653 740 679 me
774 653 962 679 sensurus
994 645 1200 693 egentem,

126 698 165 737 Si
198 698 337 737 Caesar
369 700 512 749 patrias
545 700 754 750 eripuisset
784 697 900 749 opes!

124 756 330 808 Temporis
363 756 525 795 oblitum
558 757 650 795 dum
682 769 741 795 me
775 758 876 807 rapit
906 758 1075 807 impetus
1107 756 1250 807 huius,

64 823 106 854 10
126 814 280 853 Excidit
310 814 415 853 heu!
460 827 600 852 nomen
634 826 748 864 quam
781 814 874 852 mihi
905 827 1026 865 paene
1058 814 1191 853 tuum!

123 873 181 912 Tu
214 879 341 911 tamen
374 874 551 923 agnoscis
583 878 789 923 tactusque
822 873 1002 923 cupidine
1036 872 1183 923 laudis,

123 928 205 969 ‘Ille
239 943 308 981 ego
342 927 442 969 sum'
476 942 640 981 cuperes
673 930 802 969 dicere
834 943 949 981 posse
981 931 1129 981 palam.

124 989 237 1028 Certe
271 1001 370 1040 ego,
402 989 435 1026 si
467 990 645 1040 sineres,
683 989 840 1027 titulum
879 988 946 1027 tibi
980 988 1145 1027 reddere
1179 988 1337 1040 vellem,

124 1047 173 1086 Et
204 1059 330 1085 raram
363 1047 485 1085 famae
518 1047 726 1085 conciliare
759 1047 898 1085 fidem.

63 1114 103 1144 15
123 1105 179 1144 Ne
211 1117 371 1143 noceam
403 1110 513 1155 grato
545 1117 682 1144 vereor
714 1105 784 1143 tibi
816 1106 1016 1157 carmine,
1049 1117 1144 1144 neve

124 1164 423 1214 Intempestivus
455 1164 623 1202 nominis
655 1162 783 1202 obstet
814 1163 962 1203 honor.

126 1221 236 1267 Quod
269 1221 360 1260 licet
392 1226 430 1259 et
461 1227 589 1260 tutum
621 1227 708 1273 est,
740 1223 841 1260 intra
874 1227 939 1260 tua
970 1227 1130 1272 pectora
1162 1220 1310 1273 gaude,

124 1280 262 1330 Meque
294 1281 352 1317 tui
384 1291 596 1318 memorem
627 1285 743 1330 teque
777 1280 896 1318 fuisse
929 1282 1058 1330 pium.

125 1337 250 1388 thue
283 1338 406 1388 facis,
438 1339 556 1376 remis
589 1337 634 1375 ad
667 1350 780 1389 opem
812 1337 959 1376 luctare
992 1337 1215 1389 serendam,

59 1403 104 1434 20
125 1396 223 1434 Dum
255 1397 383 1434 veniat
412 1395 562 1446 placido
596 1395 747 1434 mollior
779 1408 872 1434 aura
903 1396 1000 1448 deo;

124 1454 173 1492 Et
205 1455 330 1492 tutare
363 1460 480 1504 caput
512 1453 608 1492 nulli
639 1453 827 1492 servabile
847 1485 858 1505 ,
891 1456 925 1492 si
956 1467 1033 1493 non

125 1512 200 1557 Qui
231 1513 367 1550 mersit
400 1512 558 1563 Stygia,
590 1511 767 1550 sublevet
797 1511 921 1564 illud,
954 1524 1075 1562 aqua:

124 1570 256 1620 Teque
275 1601 286 1621 ‚
315 1570 418 1620 quod
445 1575 503 1608 est
527 1581 659 1608 rarum
678 1601 689 1621 ,
721 1577 875 1620 praesta
901 1576 1126 1609 constanter
1153 1570 1199 1609 ad
1227 1583 1338 1609 omne

123 1627 380 1667 Indeclinatae
412 1640 555 1667 munus
587 1628 800 1667 amicitiae!

61 1694 105 1724 25
127 1686 190 1725 Sic
222 1692 287 1725 tua
317 1698 527 1737 processus
558 1685 698 1725 habeat
728 1687 884 1725 fortuna
916 1699 1134 1739 perennes,

126 1745 189 1783 Sic
221 1756 293 1796 ope
326 1757 404 1783 non
437 1757 549 1796 egeas
581 1746 664 1796 ipse
685 1776 695 1796 ,
726 1747 912 1795 iuvesque
946 1744 1057 1784 tuos!

126 1803 190 1841 Sic
222 1808 362 1853 aequet
394 1809 458 1842 tua
490 1809 609 1854 nupta
641 1804 768 1841 virum
799 1803 970 1842 bonitate
1002 1805 1186 1855 perenni,

125 1861 272 1899 Incidat
303 1867 342 1900 et
372 1866 500 1900 vestro
533 1873 619 1899 rara
652 1861 823 1912 querella
855 1867 963 1900 toro.

125 1918 263 1969 Diligat
295 1925 334 1958 et
365 1931 519 1970 semper
552 1921 680 1957 socius
712 1925 750 1958 te
783 1921 983 1971 sanguinis
1016 1919 1104 1970 illo,

63 1984 105 2015 30
126 1976 210 2022 Quo
241 1978 329 2027 pius
361 1979 501 2016 affectu
535 1977 693 2016 Castora
725 1978 845 2016 frater
877 1977 999 2016 amat!

128 2034 191 2073 Sic
222 2036 374 2074 iuvenis
407 2036 620 2086 similisque
654 2035 724 2074 tibi
756 2038 806 2074 sit
837 2042 950 2074 natus
969 2066 980 2087 ‚
1013 2042 1052 2074 et
1083 2035 1191 2074 illum

125 2092 298 2131 Moribus
330 2100 513 2145 agnoscat
545 2093 708 2144 quilibet
739 2106 824 2132 esse
857 2093 992 2133 tuum!

125 2150 190 2189 Sic
223 2151 336 2190 saciat
367 2163 546 2191 socerum
578 2152 688 2191 taeda
720 2158 758 2190 te
790 2157 878 2190 nata
910 2151 1049 2203 iugali,

126 2207 206 2247 Nec
238 2209 390 2249 tardum
422 2212 552 2249 iuveni
584 2210 650 2249 det
681 2209 751 2249 tibi
783 2222 925 2248 nomen
957 2209 1038 2248 avi!
