1575 2489
210 66 234 107 0³

239 66 264 105 NJ

268 66 294 105 Ν)

748 68 806 99 FA
812 67 999 100 STORUM

614 171 652 212 3.
685 171 778 223 [CC
798 174 1121 223 LVD-IN·CIR]

327 242 448 281 Nocte
480 244 608 281 minus
641 249 777 293 quarta
808 248 961 293 promet
993 255 1060 281 sua
1093 243 1219 281 sidera
1251 243 1395 282 Chiron

238 308 304 339 380
385 300 549 338 Semivir
582 305 621 338 et
650 300 739 338 ssavi
770 312 933 351 corpore
967 302 1110 339 mixtus
1142 303 1255 352 equi.

328 357 461 396 Pelion
493 357 725 396 Haemoniae
759 370 869 396 mons
902 364 960 396 est
992 358 1178 397 obversus
1209 360 1249 397 in
1282 364 1459 398 austros:

386 415 543 453 Summa
574 417 701 454 virent
732 418 855 467 pinu,
888 421 1017 454 cetera
1050 429 1219 467 quercus
1251 416 1389 456 habet.

326 473 554 524 Phillyrides
586 475 741 512 tenuit.
798 485 889 512 saxo
922 479 1023 512 stant
1055 480 1164 512 antra
1195 480 1371 526 vetustO,

386 531 492 576 Quae
525 532 670 570 iustum
703 537 918 570 memorant
949 531 1159 570 incoluisse
1192 545 1347 571 senem.

239 596 305 628 385
328 588 393 627 Ille
425 600 563 627 manus
595 589 685 627 olim
717 591 903 628 missuras
935 589 1101 628 Hectora
1132 589 1208 629 leto

386 646 567 685 Creditur
598 648 639 685 in
670 647 801 698 lyricis
834 647 1046 686 detinuisse
1078 648 1225 686 modis.

326 704 492 743 Venerat
523 704 675 743 Alcides
707 705 892 744 exhausta
923 711 1032 756 parte
1064 705 1264 757 laborum,

385 762 569 813 Iussaque
602 763 800 801 restabant
831 762 965 802 ultima
996 775 1117 814 paene
1149 765 1255 801 viro.

328 820 438 858 Stare
472 820 587 859 simul
619 833 711 859 casu
743 821 882 859 Troiae
915 821 991 859 duo
1024 821 1099 859 fata
1131 820 1307 860 videres:

239 886 307 917 390
387 878 484 916 Hinc
516 890 614 929 puer
646 879 859 930 Aeacides,
891 879 981 917 hinc
1013 878 1099 917 Iove
1133 884 1245 918 natus
1278 884 1381 917 erat.

326 935 480 986 Excipit
510 936 679 988 hospitio
711 938 887 975 iunctum
920 937 1137 987 Philyreius
1169 937 1307 988 heros,

384 993 434 1032 Et
466 1006 620 1032 causam
652 995 838 1033 adventus
870 994 932 1033 hic
964 1000 1101 1046 rogat,
1134 994 1196 1032 ille
1230 994 1364 1033 docet.

326 1051 517 1101 Perspicit
547 1053 696 1090 interea
728 1052 872 1091 clavam
904 1051 1148 1103 spoliumque
1179 1052 1324 1103 leonis,
1462 1061 1536 1093 (175)

386 1106 572 1160 eVir'que
604 1110 657 1147 ait
689 1107 769 1147 ‘his
801 1111 947 1160 armis,
979 1121 1161 1159 armaque
1193 1109 1307 1160 digna
1339 1107 1464 1148 virol'

238 1174 305 1205 395
327 1166 406 1205 Nec
439 1179 478 1205 se
498 1197 509 1218 ,
541 1168 634 1218 quin
666 1167 830 1205 horrens
862 1167 1052 1205 auderent
1082 1173 1241 1217 tangere
1273 1169 1390 1206 saetis

384 1224 543 1276 Vellus,
576 1225 768 1263 Achilleae
801 1227 1028 1264 continuere
1062 1237 1221 1265 manus.

327 1282 503 1333 Dumque
537 1294 653 1321 senex
687 1288 827 1322 tractat
857 1283 1071 1334 squalentia
1103 1283 1178 1322 tela
1208 1284 1391 1334 venenis,

385 1340 539 1379 Excidit
571 1347 609 1379 et
640 1341 745 1379 laevo
777 1342 849 1379 fixa
881 1342 1018 1392 sagitta
1050 1341 1147 1392 pede
1181 1347 1261 1380 est.

328 1398 519 1449 Ingemuit
552 1398 723 1451 Chiron,
757 1400 950 1450 traxitque
982 1412 1002 1437 e
1035 1411 1198 1450 corpore
1231 1399 1403 1438 serrum:

239 1464 307 1495 400
387 1456 436 1495 Et
467 1458 586 1507 gemit
617 1457 769 1495 Alcides
802 1456 1115 1507 Haemoniusque
1147 1469 1267 1508 puer.

327 1514 413 1565 Ipse
445 1520 574 1553 tamen
605 1515 724 1553 lectas
756 1515 958 1566 Pagasaeis
990 1514 1153 1553 collibus
1184 1514 1325 1553 herbas

386 1572 621 1623 Temperat,
655 1579 692 1611 et
723 1585 817 1611 vana
849 1573 1005 1611 volnera
1036 1573 1181 1611 mulcet
1212 1585 1306 1623 ope.

327 1629 442 1668 Virus
474 1630 568 1668 edax
601 1630 808 1681 superabat
839 1643 981 1682 opem,
1012 1632 1246 1681 penitusque
1278 1637 1434 1682 recepta

387 1687 549 1726 Ossibus
582 1694 620 1726 et
652 1694 731 1727 toto
765 1701 928 1739 corpore
960 1690 1081 1739 pestis
1113 1694 1218 1726 erat.

241 1754 307 1785 405
330 1745 524 1796 Sanguine
557 1745 740 1785 Centauri
772 1746 966 1784 Lernaeae
999 1748 1155 1797 sanguis
1188 1746 1372 1784 echidnae

386 1804 527 1842 Mixtus
560 1804 605 1842 ad
637 1804 821 1843 auxilium
854 1810 1028 1855 tempora
1059 1804 1162 1843 nulla
1195 1804 1330 1842 dabat.

330 1861 489 1913 Stabat,
521 1867 565 1900 ut
596 1869 683 1901 ante
715 1868 864 1913 patrem
883 1894 893 1914 ,
932 1863 1099 1901 lacrimis
1133 1863 1316 1913 perfusus
1348 1861 1534 1902 Achilles,

388 1920 452 1958 Sic
483 1919 634 1959 flendus
666 1920 805 1959 Peleus
824 1952 834 1972 ,
867 1922 899 1959 si
931 1926 1150 1959 moreretur
1169 1952 1180 1972 ,
1212 1926 1317 1959 erat.

330 1978 451 2028 Saepe
483 1990 620 2017 manus
652 1991 785 2029 aegras
817 1979 994 2017 manibus
1027 1978 1193 2029 fingebat
1224 1980 1380 2017 amicis:
1414 2001 1454 2004 -

241 2044 309 2074 410
388 2035 567 2088 Morum,
602 2049 698 2087 quos
731 2038 850 2088 fecit,
883 2038 1052 2088 praemia
1084 2036 1219 2074 doctor
1251 2036 1367 2074 habet
1398 2059 1440 2063 —

330 2093 470 2132 Oscula
503 2107 616 2145 saepe
649 2095 782 2147 dedit,
815 2095 911 2134 dixit
943 2107 1096 2146 quoque
1129 2106 1243 2145 saepe
1275 2096 1417 2133 iacenti

388 2149 529 2203 ‘Vive‚
562 2165 701 2203 precor
720 2184 730 2204 ,
762 2165 834 2192 nec
866 2165 955 2205 me,
989 2165 1075 2191 care
1094 2183 1105 2202 ,
1144 2152 1349 2205 relinque,
1381 2148 1534 2204 paterl'

329 2209 436 2248 Nona
468 2210 550 2249 dies
584 2211 743 2262 aderat,
776 2224 864 2250 cum
896 2217 967 2263 tu,
998 2212 1210 2249 iustissime
1243 2210 1410 2263 Chiron,

387 2267 451 2305 Bis
484 2275 632 2320 septem
666 2269 786 2308 stellis
819 2281 982 2321 corpora
1015 2271 1164 2308 cinctus
1197 2281 1304 2308 eras.
