1575 2489
162 75 245 117 186
697 75 762 106 EX
786 74 943 107 PONTo

561 246 742 300 LIBER
781 245 1078 300 QUARTUS.
1415 264 1488 297 (10⁵)

805 372 839 419 Ι.

275 473 446 524 Accipe,
477 471 666 523 Pompei,
698 471 908 509 deductum
941 483 1097 510 carmen
1130 471 1175 510 ab
1208 471 1298 524 illo,

336 529 497 569 Debitor
529 535 587 568 est
620 531 719 568 vitae
752 530 819 580 qui
850 529 921 568 tibi
940 561 950 581 ,
983 529 1098 568 Sexte
1117 560 1128 581 7
1161 541 1275 568 suae.

279 589 354 633 Qui
387 600 456 627 seu
488 600 566 627 non
598 587 782 639 prohibes
815 599 835 625 a
867 599 928 626 me
961 593 1026 626 tua
1058 589 1212 626 nomina
1247 589 1359 639 poni,

337 647 508 686 Accedet
538 647 688 684 meritis
719 645 814 684 haec
847 658 1003 696 quoque
1036 658 1185 684 summa
1217 648 1317 684 tuis:

238 714 257 744 5
281 705 367 743 Sive
402 704 523 743 trahis
556 704 715 755 vultus,
748 704 928 754 equidem
960 716 1142 755 peccasse
1174 703 1347 755 fatebor,

336 763 475 802 Delicti
506 768 636 802 tamen
668 768 728 801 est
759 774 874 801 causa
905 761 1103 813 probanda
1136 763 1234 800 mei.

278 821 363 860 Non
395 823 521 872 potuit
555 833 637 859 mea
671 832 780 859 mens
799 851 809 871 ‚
843 822 936 871 quin
968 826 1073 859 esset
1103 826 1238 871 grata,
1270 822 1419 859 teneri.

340 880 398 918 Sit
430 891 570 930 precor
602 879 730 917 officio
763 891 840 917 non
873 880 999 930 gravis
1031 880 1087 917 ira
1119 880 1206 929 pio.

279 937 334 976 0!
368 940 548 988 quotiens
581 949 651 988 ego
685 949 770 976 sum
803 936 911 975 libris
944 937 1037 976 mihi
1069 938 1175 975 visus
1206 938 1246 975 in
1277 938 1363 975 istis

218 1005 259 1035 10
338 995 513 1048 Impius,
544 997 585 1034 in
616 994 722 1033 nullo
755 995 857 1046 quod
889 994 1064 1046 legerere
1097 994 1206 1034 loco:

283 1054 337 1093 ΟΞ
372 1055 552 1104 quotiens
572 1085 582 1105 ‚
614 1053 677 1092 alii
709 1065 797 1091 cum
830 1053 964 1091 vellem
999 1053 1172 1092 scrihere
1191 1085 1202 1104 ,
1234 1065 1375 1091 nomen

337 1111 502 1150 Rettulit
532 1113 572 1150 in
605 1123 715 1149 ceras
746 1113 868 1149 inscia
900 1111 1034 1149 dextra
1066 1111 1199 1150 tuum!

277 1170 365 1222 Ipse
398 1170 493 1208 mihi
523 1169 670 1220 placuit
699 1169 849 1207 mendis
882 1170 922 1207 in
955 1168 1095 1207 talibus
1127 1181 1266 1221 error,

339 1228 388 1266 Et
420 1229 481 1266 vix
512 1229 631 1266 invita
664 1227 762 1266 facta
794 1227 909 1265 litura
941 1239 1057 1266 manu
1090 1232 1171 1266 est.

221 1295 260 1326 15
282 1283 474 1325 ‘Viderit'
508 1286 553 1324 ad
586 1298 781 1324 summum
814 1285 920 1324 dixi.
979 1282 1091 1324 tlicet
1122 1287 1204 1337 ipse
1237 1292 1447 1336 queratur,

339 1345 446 1383 Hanc
478 1344 600 1395 pudet
631 1345 817 1383 offensam
849 1356 926 1382 non
958 1346 1149 1382 meruisse
1181 1345 1290 1395 prius
1306 1341 1329 1382 .'

281 1403 333 1442 Da
367 1403 487 1454 mihi,
519 1402 647 1453 siquid
675 1414 717 1440 ea
750 1408 836 1453 est,
862 1402 1110 1441 hebetantem
1137 1408 1295 1453 pectora
1321 1402 1493 1454 Lethen,

342 1461 496 1500 Oblitus
527 1468 664 1512 potero
697 1472 774 1498 non
806 1467 935 1499 tamen
968 1472 1053 1499 esse
1085 1461 1164 1498 tui.

284 1519 403 1570 quue
437 1521 540 1557 sinas
572 1531 640 1557 oro
661 1550 671 1569 ‚
703 1531 775 1557 nec
807 1519 976 1557 fastidita
1007 1518 1172 1569 repellas

222 1586 265 1617 20
345 1576 469 1615 Verba
489 1609 500 1629 ‚
531 1589 603 1615 nec
635 1578 762 1615 officio
795 1578 943 1615 crimen
975 1578 1102 1615 inesse
1135 1582 1272 1628 putes,

282 1636 331 1675 Et
361 1635 456 1674 levis
489 1635 584 1673 haec
616 1636 765 1673 meritis
797 1635 992 1673 reseratur
1023 1636 1145 1685 gratia
1177 1637 1317 1674 tantis:
1420 1644 1494 1676 (106)

341 1694 382 1732 Si
414 1695 572 1744 minus,
603 1694 724 1731 invito
758 1698 795 1731 te
828 1705 982 1744 quoque
1014 1699 1148 1744 gratus
1181 1705 1271 1732 ero.

282 1752 501 1802 Numquam
533 1753 643 1802 pigra
675 1752 748 1790 fuit
779 1753 922 1790 nostris
954 1757 1020 1790 tua
1053 1753 1175 1802 gratia
1206 1751 1348 1803 rebus,

339 1810 420 1848 Nec
451 1810 548 1848 mihi
580 1810 781 1848 munificas
813 1821 901 1848 arca
935 1812 1087 1860 negavit
1118 1822 1234 1861 opes.

218 1877 261 1908 25
283 1868 394 1907 Nunc
427 1880 583 1919 quoque
616 1868 670 1906 nil
702 1867 841 1906 subitis
874 1868 1079 1907 clementia
1111 1869 1248 1907 territa
1279 1869 1367 1907 fatis

341 1927 537 1965 Auxilium
569 1928 667 1965 vitae
701 1927 854 1977 fertque
887 1928 1065 1977 feretque
1097 1938 1228 1966 meae.

283 1985 391 2024 Unde
410 2016 421 2037 ‚
453 1997 567 2035 roges
600 1985 730 2023 forsan
749 2015 760 2035 ,
792 1985 930 2024 fiducia
963 1991 1067 2023 tanta
1101 1985 1222 2023 futuri

345 2044 403 2082 Sit
433 2041 564 2082 mihi?
608 2043 712 2094 quod
744 2043 863 2094 fecit,
896 2044 1061 2094 quisque
1093 2048 1227 2081 tuetur
1259 2055 1377 2094 opus.

283 2101 332 2140 L't
364 2101 494 2141 Venus
526 2102 686 2140 artificis
718 2100 826 2140 labor
858 2107 917 2140 est
949 2108 988 2140 et
1019 2101 1139 2151 gloria
1172 2101 1262 2153 Coi,

219 2169 262 2199 30
342 2161 547 2211 Aequoreo
579 2159 751 2198 madidas
784 2171 881 2210 quae
914 2161 1057 2210 premit
1088 2158 1212 2197 imbre
1245 2171 1395 2198 comas:

282 2219 392 2257 Arcis
426 2225 468 2257 ut
499 2219 662 2257 Actaeae
693 2218 753 2256 vel
786 2217 932 2256 eburna
963 2217 1024 2256 vel
1055 2230 1168 2256 aerea
1199 2223 1331 2257 custos

342 2276 483 2315 Bellica
516 2276 696 2315 Phidiaca
728 2282 803 2315 stat
834 2276 904 2314 dea
938 2276 1035 2315 sacta
1068 2288 1208 2315 manu:
