1575 2489
587 113 645 145 iv.
674 114 869 146 282-354.
1307 110 1391 152 203

174 217 437 272 “Supplicis‚
470 220 596 272 alma,
629 226 746 270 tuae,
779 221 957 270 genetrix
990 219 1156 259 secunda
1189 219 1374 272 deorum,

86 287 153 318 320
232 281 374 330 Accipe
408 277 479 317 sub
513 285 620 318 certa
652 278 879 318 condicione
913 290 1075 329 preces.

175 336 286 376 Casta
320 349 469 387 negor.
527 339 559 376 si
591 343 633 376 tu
666 337 853 389 damnas,
886 338 1080 376 meruisse
1114 336 1288 389 fatebor,

232 395 355 434 Morte
389 395 490 434 luam
523 407 669 446 poenas
701 396 829 435 iudice
862 396 962 434 victa
995 395 1088 434 dea.

176 454 251 492 Sed
284 455 318 492 si
350 455 499 492 crimen
532 454 669 506 abest,
701 459 743 493 tu
776 459 932 493 nostrae
964 455 1129 505 pignora
1160 455 1259 493 vitae

234 512 289 551 Re
323 511 432 551 dabis
452 544 461 562 ,
494 518 532 551 et
565 519 689 551 castas
722 518 827 551 casta
848 524 1024 564 -sequere
1056 508 1259 551 manus.''

89 579 155 610 325
177 570 309 622 Dixit,
342 576 381 609 et
414 572 553 622 exiguo
586 571 718 610 funem
752 572 954 610 conamine
988 573 1125 611 traxit.

234 628 360 681 Mira,
393 629 461 668 sed
495 635 533 668 et
565 641 704 669 scaena
736 630 941 668 testificata
972 629 1132 680 loquar:

175 687 279 727 Mota
312 687 382 726 dea
414 693 502 740 est,
536 690 792 740 sequiturque
826 688 994 739 ducem,
1027 687 1234 739 laudatque

905 746 1128 797 sequendo.

236 804 355 843 Index
388 805 556 844 laetitiae
589 805 716 844 fertur
747 806 786 843 in
820 809 922 843 astra
954 816 1097 843 sonus.

178 863 367 902 Fluminis
400 863 445 902 ad
478 863 622 902 flexum
654 864 843 914 veniunt,
874 884 921 890 —
952 862 1136 901 Tiberina
1168 863 1320 914 priores

89 930 156 961 330
236 922 343 961 Atria
377 921 559 960 dixerunt
591 943 635 948 —-
668 921 771 959 unde
805 922 964 960 sinister
996 920 1098 960 abit.

177 980 259 1018 Nox
294 980 453 1018 aderat.
512 991 661 1030 querno
694 979 859 1030 religant
891 991 911 1018 a
945 981 1076 1031 stipite
1109 980 1265 1033 sunem,

236 1038 414 1089 Dantque
447 1038 521 1077 levi
554 1050 689 1077 somno
724 1050 888 1089 corpora
920 1038 1054 1077 functa
1087 1038 1198 1077 cibo.

177 1096 260 1136 Lux
294 1096 455 1135 aderat:
502 1109 651 1148 querno
685 1096 840 1135 solvunt
872 1109 892 1135 a
925 1098 1056 1147 stipite
1089 1097 1246 1149 funem,

237 1156 334 1194 Ante
368 1160 497 1194 tamen
528 1156 656 1206 posito
688 1161 776 1194 tura
808 1155 951 1194 dedere
984 1156 1091 1194 foco.

90 1222 156 1253 335
178 1215 276 1252 Ante
309 1219 533 1252 coronatam
565 1225 736 1265 puppem
769 1215 851 1252 sine
885 1213 968 1252 labe
1001 1215 1203 1253 iuvencam

236 1272 456 1311 Mactarunt
488 1284 651 1323 operum
685 1273 933 1323 coniugiique
966 1272 1128 1311 rudem.

181 1330 251 1370 Est
283 1330 392 1370 loeus
413 1362 423 1382 ,
454 1332 493 1369 in
527 1330 700 1369 Tiberim
735 1343 809 1382 qua
841 1330 1017 1370 lubricus
1048 1331 1177 1370 inssuit
1207 1331 1316 1370 Almo

237 1388 286 1428 Et
318 1401 460 1427 nomen
492 1401 630 1440 magno
662 1389 792 1440 perdit
825 1389 871 1428 ab
904 1401 1016 1428 amne
1049 1391 1197 1428 minor.

180 1448 260 1487 Illic
293 1459 492 1498 purpurea
525 1459 644 1486 canus
678 1460 766 1487 cum
798 1453 905 1487 veste
938 1448 1120 1486 sacerdos

91 1515 158 1545 340
238 1506 411 1545 Almonis
445 1506 640 1545 dominam
673 1518 860 1557 sacraque
892 1506 984 1545 lavit
1016 1508 1148 1557 aquis.

180 1564 389 1604 Exululant
422 1566 612 1616 comites,
645 1565 870 1615 furiosaque
903 1564 996 1603 tibia
1028 1564 1167 1616 fiatur,

237 1623 286 1662 Et
318 1623 465 1662 feriunt
496 1623 632 1662 molles
664 1628 798 1662 taurea
831 1628 939 1675 terga
971 1635 1131 1662 manus.

181 1682 339 1721 Claudia
370 1682 599 1734 praecedit,
631 1682 730 1721 laeto
764 1681 1018 1720 celeberrima
1050 1682 1188 1734 volgo,

240 1740 395 1779 Credita
427 1741 488 1779 vix
521 1740 676 1779 tandem
709 1745 809 1779 teste
842 1740 983 1792 pudica
1016 1740 1109 1792 dea3

92 1807 159 1838 345
180 1799 267 1851 Ipsa
300 1799 441 1838 sedens
473 1798 648 1850 plaustro
680 1804 791 1850 porta
825 1805 884 1838 est
915 1801 1067 1838 invecta
1100 1798 1276 1851 Capena:

242 1857 488 1909 Sparguntur
520 1858 676 1896 iunctae
707 1857 802 1896 flore
836 1863 995 1896 recente
1026 1857 1167 1896 boves.

180 1916 319 1955 Nasica
351 1917 529 1967 accepit.
586 1915 721 1967 templi
752 1928 830 1954 non
862 1917 1035 1967 perstitit
1067 1921 1226 1954 auctor:

238 1976 437 2026 Augustus
470 1986 575 2013 nunc
608 1980 695 2027 est,
728 1980 815 2013 ante
848 1973 1028 2013 Metellus
1062 1970 1187 2013 erat.'

182 2033 364 2073 Substitit
396 2033 459 2072 hic
492 2027 640 2072 Erat'd.
697 2045 804 2072 mora
836 2034 879 2072 fit
897 2064 908 2086 7
941 2034 974 2072 si
1006 2039 1136 2072 cetera
1170 2045 1375 2084 quaeram.

92 2101 159 2132 350
240 2089 329 2131 ‘Dic
349 2089 379 2143 ‚³
412 2093 570 2143 inquam
604 2088 740 2143 eparva
773 2104 844 2131 cur
877 2093 976 2143 stipe
1009 2098 1171 2143 quaerat
1203 2089 1341 2143 opes.'

182 2148 377 2189 ‘Contulit
408 2163 473 2189 aes
504 2150 702 2203 populus,
736 2150 783 2189 de
816 2162 893 2202 quo
927 2150 1088 2189 delubra
1119 2150 1297 2189 Metellus

239 2209 349 2248 Fecit
369 2206 398 2261 3'
432 2211 484 2248 ait
515 2206 685 2248 ‘dandae
718 2221 802 2248 mos
835 2210 947 2260 stipis
979 2209 1069 2248 iude
1102 2205 1277 2248 manet.’

182 2268 260 2308 Cur
292 2267 444 2307 vicibus
477 2268 589 2307 sactis
621 2270 754 2307 ineant
785 2269 958 2307 convivia
977 2298 988 2320 ‚
1021 2279 1190 2319 quaero,

240 2326 349 2366 Tunc
382 2328 533 2380 magis,
564 2326 730 2366 indictas
764 2326 1119 2378 concelebrentque
1152 2326 1296 2378 dapes.
