1575 2489
541 90 568 121 I.
595 97 671 121 VIII
693 90 815 121 1—70.
1266 84 1348 124 139

70 208 113 239 35
134 199 245 238 Nunc
270 198 376 248 fora,
401 208 506 235 nunc
533 196 670 248 aedes,
697 208 801 234 nunc
828 206 1021 233 marmore
1047 199 1150 232 tecta
1176 192 1349 244 theatra,

190 257 303 295 Nunc
336 255 442 294 subit
472 260 633 305 aequata
664 255 840 305 porticus
873 254 999 291 omnis
1030 252 1172 290 humo.

135 316 315 354 Gramina
347 325 452 352 nunc
485 312 618 363 Campi
653 312 838 363 pulchros
875 312 1086 362 spectantis
1118 311 1158 348 in
1190 309 1348 360 hortos,

195 373 414 422 Stagnaque
449 376 487 409 et
519 372 674 422 euripi,
706 369 990 421 Virgineusque
1022 369 1174 419 liquor.

135 432 210 483 At,
242 435 337 481 puto
357 461 367 481 ‚
400 430 456 468 sic
488 428 603 467 Urbis
635 430 777 466 misero
811 433 870 466 est
902 433 1035 478 erepta
1067 426 1268 478 voluptas,

71 499 114 529 40
194 488 376 534 Quolibet
407 492 451 526 ut
482 487 619 526 saltem
651 499 743 525 rure
776 487 852 525 srui
884 483 1032 524 liceat?

135 548 221 586 Non
252 558 362 585 meus
394 547 557 584 amissos
589 547 740 583 animus
773 544 968 583 desiderat
1000 555 1141 595 agros,

193 605 377 655 Ruraque
409 604 590 655 Paeligno
623 602 897 654 conspicienda
930 602 1036 653 solo,

135 664 216 702 Nec
249 675 347 714 quos
379 663 558 714 piniferis
589 663 737 713 positos
769 663 808 699 in
842 660 1005 699 collibus
1040 660 1175 698 hortos
1297 666 1353 699 (29)

197 721 355 773 Spectat
386 720 596 759 Flaminiae
629 720 759 758 Clodia
790 721 922 758 iuncta
953 720 1060 769 viae,

72 789 115 820 45
138 780 244 826 Quos
277 792 348 830 ego
381 781 514 818 nescio
547 780 610 817 cui
642 778 773 830 colui,
806 777 947 827 quibus
979 778 1062 827 ipse
1096 774 1266 813 solebam

195 838 252 876 Ad
285 844 366 877 sata
397 838 603 888 fontanas,
635 848 707 874 nec
739 835 888 886 pudet,
921 835 1063 873 addere
1096 845 1236 884 aquas:

139 897 239 936 Sunt
269 896 360 947 ubi,
387 898 419 934 si
445 897 601 947 vivunt,
627 900 759 933 nostra
786 905 942 944 quoque
970 894 1117 931 consita
1146 891 1355 943 quaedam,

197 954 273 993 Sed
305 966 384 992 non
416 959 454 992 et
485 958 616 992 nostra
650 965 762 1003 poma
795 951 956 1002 legenda
989 963 1128 989 manu.

137 1014 213 1052 Pro
246 1012 389 1063 quibus
422 1013 572 1050 amissis
605 1013 753 1049 utinam
786 1012 1013 1060 contingere
1045 1010 1169 1060 possit

75 1081 119 1112 50
197 1071 268 1109 Hic
301 1070 435 1109 saltem
467 1070 632 1121 profugo
665 1068 798 1120 glaeba
831 1068 989 1107 colenda
1022 1066 1139 1106 mihi!

139 1130 227 1180 Ipse
260 1141 330 1180 ego
363 1128 599 1180 pendentis,
632 1128 745 1166 liceat
777 1127 891 1165 modo
911 1158 921 1178 ‚
953 1138 1052 1177 rupe
1085 1125 1274 1177 capellas,

198 1188 285 1239 Ipse
318 1187 432 1226 velim
464 1186 602 1225 baculo
634 1198 795 1237 pascere
827 1187 942 1224 nixus
974 1196 1087 1222 oves.

140 1246 227 1298 Ipse
259 1258 360 1298 ego7
392 1257 441 1284 ne
473 1245 598 1283 solitis
629 1246 813 1282 insistant
844 1249 1002 1294 pectora
1035 1245 1165 1294 curis,

199 1304 345 1343 Ducam
377 1303 567 1342 ruricolas
600 1302 671 1341 sub
703 1304 792 1353 iuga
825 1313 943 1340 curva
974 1301 1118 1353 boves,

77 1372 120 1403 55
142 1363 190 1402 Et
222 1363 367 1401 discam
401 1362 526 1400 Getici
559 1373 657 1412 quae
690 1366 836 1399 norunt
866 1359 985 1398 verba
1016 1360 1194 1410 iuvenci,

199 1421 391 1459 Adsuetas
422 1420 498 1458 illis
531 1420 772 1469 adiciamque
805 1420 953 1457 minas.

141 1479 228 1530 Ipse
261 1491 376 1517 manu
411 1478 591 1529 capulum
623 1479 751 1528 pressi
782 1476 1006 1514 moderatus
1039 1477 1157 1514 aratri

200 1537 390 1588 Experiar
420 1541 525 1575 mota
557 1547 740 1587 spargere
774 1547 907 1573 semen
940 1535 1082 1572 humo.

142 1596 222 1635 Nec
255 1595 430 1634 dubitem
461 1595 587 1645 longis
619 1606 787 1645 purgare
820 1592 1016 1643 ligonibus
1048 1592 1213 1643 herbas,

80 1664 123 1695 60
201 1654 252 1693 Et
277 1654 368 1692 dare
394 1655 469 1692 iam
496 1655 632 1692 sitiens
660 1664 756 1703 quas
782 1651 889 1690 bibat
913 1651 1075 1703 hortus,
1102 1662 1244 1701 aquas.
1308 1672 1361 1676 —

143 1712 253 1752 Unde
288 1712 355 1751 sed
387 1712 461 1750 hoc
493 1711 629 1763 nohis,
661 1712 865 1749 minimum
892 1722 990 1760 quos
1016 1711 1120 1748 inter
1147 1715 1184 1747 et
1210 1708 1362 1746 bostem

202 1771 419 1809 Discrimen
450 1782 587 1809 murus
620 1769 827 1820 clausaque
860 1774 971 1819 porta
1003 1765 1129 1806 facit?

143 1829 193 1868 At
224 1829 295 1868 tibi
326 1830 532 1880 nascenti,
564 1827 666 1879 quod
700 1833 780 1865 toto
813 1833 973 1877 pectore
1005 1825 1151 1877 laetor,

202 1887 355 1926 Nerunt
386 1887 519 1926 fatales
552 1887 667 1924 fortia
699 1885 759 1924 fila
793 1886 910 1924 deae.

82 1954 125 1986 65
145 1947 200 1985 Te
232 1946 345 1985 modo
385 1957 545 1997 campus
583 1944 728 1996 habet,
767 1944 887 1982 densa
924 1942 1039 1981 modo
1070 1944 1247 1993 porticus

630 2033 632 2035 >
872 2002 1009 2041 umbra
1026 2014 1034 2039 :
1308 2009 1365 2040 (30)

204 2063 346 2115 Nunc,
378 2064 418 2101 in
451 2074 527 2113 quo
560 2063 674 2112 ponis
706 2066 883 2112 tempora
916 2072 1027 2111 rara,
1059 2060 1210 2097 sorum.

146 2121 304 2160 Umbria
336 2133 441 2160 nunc
473 2126 658 2172 revocat,
692 2132 764 2159 nec
796 2131 874 2158 non
906 2118 1052 2157 Albana
1083 2122 1285 2168 potentem

206 2180 328 2230 Appia
360 2180 526 2218 ferventi
559 2179 668 2218 ducit
699 2181 738 2217 in
772 2190 860 2216 arva
892 2182 999 2215 rota.

147 2238 327 2277 Forsitan
358 2237 422 2276 hic
455 2243 565 2288 optes
585 2269 595 2285 ,
628 2242 671 2276 ut
703 2239 845 2275 iustam
878 2236 1095 2286 supprimat
1126 2236 1225 2272 iram

86 2305 129 2336 το
209 2296 378 2348 Caesar,
411 2300 450 2334 et
481 2296 693 2347 hospitium
727 2297 777 2334 sit
809 2301 874 2334 tua
906 2293 993 2332 villa
1025 2305 1179 2331 meum.
