1601 2484
199 104 388 139 XXXVIII

200 223 294 250 σανα
312 213 346 262 ἐ,
377 214 422 250 ut
451 213 544 250 Met.
569 212 668 250 XIII
694 214 798 261 423,
837 213 918 251 556
951 212 1043 250 libri
1073 212 1223 255 hecuba,
1254 211 1327 249 hoc
1359 211 1434 258 est,
1465 211 1522 249 Jee-

201 271 327 318 cubae,
358 271 518 309 Hecuba
549 273 618 319 est,
649 270 808 308 Hecuba
839 273 887 318 et,
917 270 987 307 ubi
1016 270 1117 307 mira
1147 268 1368 307 constantia
1393 268 1525 306 editur

200 327 304 375 quod
333 328 447 364 nihili
479 330 550 365 est.
700 324 782 365 716
824 335 1018 366 SARCINA
1047 335 1215 365 MA‘rms
1246 334 1371 364 ERAS.
1430 326 1524 364 libri

196 397 344 432 parcus
373 387 530 423 inermis
561 396 658 434 eras,
690 397 710 422 e
741 385 843 423 male
873 385 1078 434 diremptis
1110 385 1285 434 syllabis,
1315 392 1434 423 PARO
1458 393 1523 422 IN-

199 437 358 493 Affl‘zls,
394 443 527 491 qualia
562 443 732 491 plurima
767 444 808 480 in
839 443 1070 492 Petaviano,
1107 452 1124 480 Ι
1157 445 1260 491 397,
1300 443 1400 490 658,
1439 444 1520 481 671

198 503 320 538 matre
350 502 497 550 stellus,
529 500 569 538 II
603 501 684 539 155
718 502 801 538 425
836 502 917 539 796
950 503 1029 549 reyz'
1059 504 1227 549 θίαν-..9,
1263 499 1472 538 Ursiniano
1503 500 1524 537 I

200 559 283 596 593
311 559 426 597 aleris
451 571 561 607 aura,
587 559 628 596 II
656 560 737 597 397
764 559 904 596 voltum
927 561 972 607 si,
998 561 1082 598 444
1109 560 1213 597 abest
1234 569 1364 607 rusea3
1390 557 1525 595 addita

199 616 354 664 syllaba
384 617 448 655 vel
473 617 637 666 apiculo.
788 614 869 655 829
898 625 1048 655 TURBA
1072 624 1225 655 PHARI.
1295 616 1389 653 libri
1413 617 1524 654 turba

198 675 283 720 feri.
356 675 485 723 recepi
514 677 690 713 veterem
714 675 986 713 coniecturam.
1058 676 1083 721 f
1101 677 1141 713 et
1163 675 1220 722 φὴ
1243 675 1285 711 in
1308 674 1524 712 Petaviano

198 744 321 780 aeque
345 733 590 781 promiscuae
617 735 720 781 sunt,
752 735 869 782 atque
894 732 935 770 in
959 732 1132 770 Mediceo
1160 732 1338 782 Vergilii.
1407 732 1523 770 intel·

198 790 288 839 lego
319 792 597 839 grammaticos
622 791 687 829 vel
709 791 1004 840 grammatistas
1036 801 1209 839 graecos,
1241 790 1377 838 quales
1401 789 1442 826 in
1465 790 1525 826 in-

199 848 477 896 scriptionibus
509 861 532 887 a
562 849 696 887 latinis
728 849 1012 896 discernuntur,
1042 848 1339 896 Alexandrinos,
1369 848 1434 885 vel
1457 848 1526 896 qui

199 905 275 943 dici
295 907 515 956 cupiebant,
540 907 644 945 inter
662 907 836 956 insignes
857 907 943 945 aevi
961 907 1176 944 Nasoniani
1194 906 1313 944 Urbis
1334 905 1525 953 doctores,

199 963 319 1002 Trist.
343 964 424 1001 IIII
448 973 478 1003 X
506 966 571 1013 16,
602 965 786 1002 Verrium
810 965 1002 1012 Flaccum,
1035 963 1279 1012 Crassitium,
1310 963 1525 1012 Hyginum,

199 1020 380 1059 Clodium
410 1022 597 1070 Tuscum,
635 1021 847 1061 Caecilium
876 1023 1099 1071 Epirotam,
1130 1022 1325 1060 contemni
1355 1024 1524 1070 coeptos.

315 1076 419 1118 LIB.
439 1080 523 1118 IIII
548 1077 632 1119 209
659 1088 849 1119 CLIPEos
875 1088 1087 1119 MANIBUS.
1147 1080 1329 1118 revocavi
1360 1080 1526 1128 scriptu-

199 1149 285 1175 ram
316 1138 508 1176 librorum
532 1139 753 1187 meliorum,
785 1139 875 1187 quia
899 1141 1088 1187 tympana
1107 1140 1210 1176 certe
1233 1139 1313 1176 183
1336 1139 1417 1176 213
1441 1139 1522 1175 342

199 1195 381 1234 manibus
420 1197 637 1245 pulsantur.
711 1197 758 1234 de
790 1197 988 1234 Lactantii
1026 1196 1219 1244 scriptura,
1255 1197 1412 1234 sudibus
1447 1207 1526 1233 non

200 1253 297 1291 satis
322 1254 420 1291 mihi
445 1256 613 1292 constat:
647 1255 680 1292 si
704 1256 913 1301 constaret,
943 1253 1131 1292 Lobeckii
1155 1254 1344 1291 correctio
1363 1254 1524 1300 tentibus,

200 1323 299 1360 quae
336 1323 462 1361 neque
499 1325 519 1350 e
556 1312 673 1350 Festo
712 1312 807 1350 satis
846 1314 932 1350 tuto
970 1311 1213 1360 depromitur
1250 1313 1289 1349 et
1325 1311 1366 1348 in
1396 1312 1526 1349 Aetna

200 1371 334 1417 spreta
365 1372 425 1407 est
456 1371 504 1407 ab
537 1370 686 1408 editore
730 1370 971 1418 doctissimo,
1007 1372 1165 1418 poterat
1195 1372 1329 1407 tamen
1358 1369 1524 1417 placere.

198 1428 359 1465 rudibus
401 1430 461 1466 est
503 1429 678 1466 codicum
721 1429 1063 1477 interpolatorum,
1107 1427 1211 1477 quod
1254 1427 1303 1464 ad
1346 1428 1527 1475 cymbala,

199 1488 306 1523 recte
349 1486 590 1535 conveniret,
633 1487 698 1524 vix
735 1486 784 1524 ad
820 1487 971 1535 galeas,
1015 1486 1064 1523 ad
1101 1487 1213 1523 scuta
1248 1485 1356 1523 nullo
1393 1485 1525 1523 modo:

199 1543 347 1592 gracile
379 1546 418 1581 et
447 1544 626 1582 inefficax
651 1544 700 1582 ad
723 1544 883 1592 pulsum
907 1544 947 1581 id
965 1544 1247 1581 ferramentum
1266 1543 1354 1591 fuit,
1373 1543 1527 1580 ferulae

200 1601 250 1638 ad
281 1601 451 1650 modum,
482 1601 693 1640 secundum
724 1602 896 1639 Plinium
926 1601 1016 1640 Nat.
1036 1602 1072 1640 h.
1092 1601 1284 1638 XXXIIII
1307 1602 1399 1640 170.

201 1656 284 1697 329
323 1668 540 1698 TIBEBINA
576 1668 769 1699 PRIORES
808 1668 947 1697 ATRIA
984 1668 1230 1698 DIXERUNT.
1303 1671 1391 1697 cum
1428 1660 1527 1697 hanc

201 1717 436 1765 scripturam
472 1718 645 1766 primum
681 1730 701 1755 e
732 1717 928 1756 codicibus
965 1718 1179 1766 introduxi,
1216 1718 1388 1755 incertus
1421 1729 1527 1755 eram

201 1776 248 1812 de
274 1776 609 1825 interpretatione,
635 1789 670 1824 p.
693 1784 847 1814 CXLVII
873 1776 932 1814 ed.
956 1776 1080 1813 Reim.
1145 1775 1202 1813 ibi
1234 1787 1332 1825 quae
1362 1776 1528 1824 posthac

200 1833 347 1871 Romae
368 1833 574 1883 adscripsi,
605 1834 654 1872 ad
679 1834 844 1872 verbum
868 1834 931 1871 hic
955 1835 1085 1882 posita
1103 1836 1235 1872 sunto:
1268 1830 1331 1872 ‘ist
1347 1845 1398 1872 so.
1471 1845 1528 1872 wo

201 1892 260 1929 (lie
293 1892 367 1930 Vm
391 1895 609 1940 portuensis
639 1895 765 1930 επεν-εί
794 1893 865 1930 den
894 1894 990 1938 ftuss
1022 1892 1183 1938 beritho-t,
1215 1892 1422 1939 olmyefc'llzr
1446 1893 1529 1929 ἄνεί

200 1950 354 1998 miqlz'en
372 1962 443 1988 eon
462 1951 581 1988 Porta
598 1952 844 1997 flzcmentcma‚
870 1952 920 1988 ist
937 1951 1008 1988 das
1025 1951 1112 1998 ufer
1130 1950 1243 1988 ῘιόῙιεν
1262 1950 1321 1987 als
1338 1951 1527 1997 &pendero

200 2010 243 2046 ‘in
279 2009 350 2046 den
388 2011 507 2046 ersten
543 2009 705 2057 miylien.
777 2010 819 2046 in
854 2009 932 2045 ilem
968 2010 1048 2046 tritt
1084 2010 1143 2046 ein
1173 2007 1404 2046 senkrechter
1432 2009 1527 2046 vier-

203 2067 345 2114 eekiyer
363 2068 434 2114 fels
452 2067 602 2115 leervor,
628 2067 727 2105 Zinks
749 2067 867 2105 neben
889 2067 967 2104 {lem
991 2067 1249 2114 feiqenbc'tume
1272 2067 1353 2104 und
1370 2069 1527 2114 myrten,

202 2127 314 2163 etwas
350 2125 470 2163 reelzts
506 2126 587 2164 vier
619 2135 749 2173 yrosse
785 2124 981 2172 fetsblo'eke
1016 2126 1070 2162 im
1112 2125 1301 2162 halba-reis
1338 2136 1409 2162 aus
1446 2125 1528 2162 clem

201 2194 343 2221 wasser
373 2184 527 2230 rayend.
600 2184 666 2221 cler
690 2184 785 2229 fluss
816 2183 912 2230 bieyt
940 2182 1053 2221 selbst
1080 2183 1178 2220 nach
1209 2183 1307 2220 lint-s
1336 2194 1420 2225 ctus,
1451 2183 1529 2229 fast

204 2242 255 2278 im
290 2241 494 2290 halbkreis,
531 2253 572 2280 so
610 2242 700 2279 class
735 2252 827 2278 man
856 2241 954 2278 nacla
990 2242 1135 2288 etniyen
1164 2241 1326 2279 hundert
1354 2241 1529 2278 selzrz‘tten

202 2300 275 2337 den
304 2300 580 2338 romantiseleen
604 2300 730 2347 puniet
759 2299 926 2337 eiemlz'eh
953 2299 1160 2347 ,qeyeozz'iber
1186 2298 1396 2337 betraelzten
1414 2298 1528 2336 kann.
