1601 2484
162 51 219 92 42
721 48 946 81 TRISTIUM

217 168 260 199 25
282 160 384 210 Ergo
417 170 487 209 ego
521 169 606 196 sum
638 156 781 195 dubius
812 157 912 194 vitae
931 186 942 207 ,
972 161 1016 194 tu
1049 154 1211 192 forsitan
1243 154 1332 192 istic

281 217 499 256 Iucundum
531 216 657 253 nostri
689 215 820 252 nescia
852 220 1006 264 tempus
1038 210 1153 263 agis?

282 276 367 314 Non
399 275 510 325 agis;
542 273 703 311 adfirmo
725 302 734 311 .
783 271 906 322 liquet
936 272 1038 321 hoc,
1072 271 1269 308 carissima
1288 299 1299 320 ‚
1332 268 1467 320 nobis,

282 333 453 382 Tempus
485 332 546 381 agi
578 333 660 369 sine
694 341 755 368 me
788 342 865 368 non
897 331 973 368 nisi
1004 330 1115 367 triste
1149 328 1242 367 tibi.

284 391 324 429 Si
356 396 485 428 tamen
517 389 678 439 inplevit
711 400 794 426 mea
826 400 910 426 sors
930 419 940 439 ,
973 399 1071 438 quos
1104 386 1267 436 debuit,
1300 397 1444 436 annos,

221 458 264 488 30
285 448 334 487 Et
366 448 459 486 mihi
493 447 645 485 vivendi
676 452 754 484 tam
787 444 983 484 0110111115
1016 445 1148 496 adest,

284 507 480 552 Quantum
512 511 624 556 erat,
657 517 678 542 o
711 505 867 555 magni,
899 505 1090 542 morituro
1122 513 1313 553 parcere,
1345 501 1445 552 divi,

282 565 332 603 Ut
364 564 499 603 saltem
531 565 655 614 patria
687 562 977 600 contumularer
1008 559 1161 599 humo?

285 622 352 660 Vel
384 634 508 673 poena
540 623 577 659 in
611 628 765 671 tempus
798 621 935 658 mortis
967 619 1082 657 dilata
1116 619 1277 670 suisset,

283 680 351 719 Vel
382 681 647 731 praecepisset
678 690 784 717 mors
815 683 1022 729 properata
1055 677 1206 727 fugam.

221 748 263 778 35
284 739 440 788 Integer
471 738 569 776 hanc
601 738 711 788 potui
744 749 868 787 nuper
901 736 998 774 bene
1031 734 1195 773 reddere
1227 733 1377 786 lucem3

284 797 384 835 Exul
416 802 459 835 ut
490 796 740 846 occiderem,
772 806 876 833 nunc
909 793 1004 832 mihi
1035 794 1110 831 vita
1143 793 1229 830 data
1262 798 1342 831 est.

285 855 379 893 Tam
411 854 548 905 procul
579 855 722 904 ignotis
755 855 873 902 igitur
905 853 1118 890 moriemur
1150 852 1190 888 in
1223 851 1323 902 oris,

284 913 334 951 Et
365 913 460 951 fient
490 914 574 963 ipso
607 913 732 950 tristia
765 911 841 948 fata
872 910 981 961 loco3

284 971 364 1009 Nec
396 983 480 1008 mea
512 976 699 1008 consueto
732 969 986 1019 languescent
1017 978 1181 1017 corpora
1213 966 1336 1017 lecto,

219 1038 264 1068 40
286 1029 512 1079 Depositum
544 1040 617 1066 nec
650 1039 710 1065 me
743 1029 810 1078 qui
842 1027 958 1077 sseat,
990 1025 1092 1064 ullus
1124 1026 1222 1076 erit3

286 1087 365 1125 Nec
397 1087 574 1124 dominae
607 1086 777 1124 lacrimis
810 1086 849 1123 in
881 1091 1013 1122 nostra
1046 1082 1275 1122 cadentibus
1307 1094 1374 1120 ora

285 1145 480 1183 Accedent
512 1146 660 1182 animae
693 1149 868 1193 tempora
900 1154 1016 1193 parva
1048 1153 1182 1192 meae3

285 1203 364 1241 Nec
397 1203 573 1240 mandata
606 1201 703 1239 dabo
723 1232 733 1252 ,
766 1213 837 1239 nec
870 1213 959 1239 cum
991 1199 1158 1238 clamore
1191 1210 1374 1248 supremo

284 1261 478 1299 Labentes
511 1259 644 1298 oculos
677 1259 819 1297 condet
850 1260 970 1297 amica
1004 1269 1163 1308 manus,

221 1328 265 1358 45
288 1319 363 1358 Sed
397 1320 480 1357 sine
513 1317 717 1356 funeribus
750 1322 866 1367 caput
898 1317 1000 1367 hoc,
1036 1317 1120 1354 sine
1152 1315 1300 1353 honore
1334 1314 1504 1367 sepulcri

284 1377 574 1427 Indeploratum
607 1375 770 1414 barbara
802 1382 905 1413 terra
938 1373 1064 1424 teget!

287 1435 437 1486 Ecquid
457 1466 468 1486 ,
500 1435 567 1473 ubi
599 1435 770 1472 audieris
789 1465 800 1484 ,
831 1438 911 1471 tota
943 1432 1152 1471 turbabere
1185 1436 1337 1481 mente,

286 1494 336 1532 Et
368 1494 484 1531 series
516 1493 650 1543 pavida
682 1497 840 1542 pectora
873 1491 947 1528 fida
980 1488 1129 1528 manu?

286 1551 465 1602 Ecquid,
504 1552 543 1589 in
576 1550 644 1588 has
678 1551 821 1587 frustra
854 1548 1019 1587 tendens
1056 1554 1122 1586 tua
1161 1547 1317 1585 brachia
1350 1553 1503 1599 partes,

223 1620 266 1650 50
288 1609 477 1648 Clamabis
510 1610 643 1646 miseri
675 1619 817 1646 nomen
850 1609 963 1645 inane
996 1604 1106 1644 viri?

288 1669 409 1706 Parce
441 1673 570 1706 tamen
602 1666 774 1704 lacerare
806 1677 924 1716 genas
944 1696 954 1716 ,
986 1677 1058 1703 nec
1092 1663 1224 1702 scinde
1257 1664 1440 1715 capillos:

286 1727 371 1764 Non
405 1725 476 1764 tibi
507 1737 611 1764 nunc
644 1726 842 1775 primum,
874 1723 939 1761 lux
973 1735 1055 1761 mea
1075 1754 1085 1773 ,
1118 1729 1252 1772 raptus
1285 1735 1375 1761 ero.

288 1785 384 1823 Cum
416 1785 580 1834 patriam
613 1784 753 1834 amisi,
785 1788 878 1821 tunc
912 1793 972 1820 me
1004 1782 1168 1831 periisse
1201 1786 1358 1831 putato.

290 1843 337 1881 Et
367 1844 476 1893 prior
508 1847 548 1880 et
578 1842 730 1892 gravior
763 1852 868 1879 mors
901 1840 973 1878 suit
1005 1839 1067 1877 illa
1100 1838 1217 1876 mihi.

224 1910 266 1940 55
290 1901 430 1952 Nunc,
474 1901 508 1938 si
551 1900 650 1938 sorte
694 1904 834 1950 potes,
866 1919 917 1925 —
965 1897 1031 1936 sed
1070 1909 1148 1935 non
1185 1901 1320 1949 potes,
1362 1898 1505 1948 optima

790 1968 958 1995 coniunx
984 1976 1038 1982 -

289 2017 428 2055 Finitis
461 2016 583 2067 gaude
617 2021 673 2054 tot
706 2015 798 2053 mihi
831 2020 955 2052 morte
988 2013 1120 2052 malis.

290 2075 400 2120 Quod
434 2080 575 2125 potes,
609 2079 773 2112 extenua
807 2074 896 2111 sorti
930 2072 1026 2110 mala
1059 2071 1175 2110 corde
1209 2071 1393 2123 serendo,

289 2134 345 2171 Ad
379 2145 477 2183 quae
510 2134 584 2170 iam
617 2132 767 2182 pridem
799 2143 877 2169 non
909 2130 1007 2169 rude
1039 2135 1177 2181 pectus
1209 2129 1352 2168 habes.

288 2192 414 2241 Atque
447 2192 595 2229 utinam
628 2195 788 2240 pereant
820 2191 968 2227 animae
1008 2200 1097 2227 cum
1130 2200 1294 2239 corpore
1326 2193 1500 2238 nostrae,

226 2258 268 2289 60
290 2249 535 2300 Effugiatque
569 2249 700 2287 avidos
732 2260 821 2299 pars
853 2247 949 2286 mihi
981 2247 1085 2285 nulla
1118 2258 1257 2297 rogos.
