1575 2489
535 117 576 151 V.
601 125 617 150 1
636 119 762 151 55-11
781 119 836 151 42.
1296 114 1351 157 83

138 226 389 276 Affectusque
422 225 539 263 animi
571 226 638 275 qui
669 225 743 263 suit
775 230 862 264 ante
881 256 892 276 ‚
923 229 1075 263 manet.

139 283 323 334 Quaeque
354 294 462 321 mora
493 284 696 333 spatioque
729 295 799 321 suo
833 283 981 321 coitura
1012 283 1144 333 putavi

77 350 119 382 10
138 340 336 393 Vulnera,
366 352 445 379 non
476 340 615 391 aliter,
648 352 762 392 quam
794 340 907 379 modo
940 341 1039 379 facta
1071 340 1225 379 dolent.

139 399 297 438 Scilicet
328 399 477 449 exiguis
509 398 670 449 prodest
703 410 846 437 annosa
877 403 1074 450 vetusta83

141 456 359 496 Grandibus
391 456 582 495 accedunt
613 461 788 508 tempore
821 457 959 495 damna
990 456 1126 496 malis.

137 515 264 555 Paene
297 514 433 553 decem
464 516 556 553 totis
588 514 682 554 aluit
712 514 922 554 Poeantius
955 516 1066 553 annis

137 572 374 612 Pestiferum
406 572 555 611 tumido
588 572 728 612 vulnus
760 572 806 612 ab
839 585 963 623 angue
996 572 1152 610 datum.

76 639 118 670 15
138 631 334 682 Telephus
367 636 524 670 aeterna
555 637 811 682 consumptus
843 630 930 670 tabe
962 631 1152 681 perisset,

140 688 181 728 Si
211 701 289 727 non
322 701 420 740 quae
453 690 609 741 nocuit,
641 689 777 728 dextra
807 688 963 727 tulisset
994 699 1137 738 opem.

138 747 188 786 Et
220 759 332 799 mea,
364 749 397 785 si
429 747 579 786 facinus
610 747 761 786 nullum
792 746 1081 797 commisimus,
1112 755 1228 796 opto,

140 804 308 844 Vulnera
340 807 408 855 qui
439 806 560 857 fecit,
591 805 691 844 facta
721 804 848 843 levare
880 804 995 856 velit3

141 862 434 914 Contentusque
466 865 543 902 mei
574 864 650 902 iam
681 862 836 901 tandem
868 867 977 913 parte
1010 860 1155 900 doloris

77 930 120 962 20
139 921 333 972 Exiguum
365 921 480 972 pleno
513 921 560 959 de
592 932 698 959 mare
730 920 859 959 demat
891 932 1038 971 aquae.

140 979 325 1018 Detrahat
355 984 400 1017 ut
430 979 595 1017 multum
613 1009 624 1030 ,
658 978 823 1017 multum
855 977 1018 1017 restabit
1049 977 1202 1026 acerbi,

138 1037 313 1088 Parsque
345 1049 452 1075 meae
484 1049 632 1088 poenae
664 1038 785 1076 totius
816 1038 939 1075 instar
971 1037 1069 1075 erit.

142 1095 276 1134 Litora
308 1101 403 1146 quot
435 1095 602 1133 conchas
621 1127 633 1148 ‚
665 1101 760 1145 quot
791 1107 950 1133 amoena
983 1096 1130 1133 rosaria
1161 1093 1298 1146 flores,

143 1154 292 1200 Quotve
326 1154 585 1204 soporiferum
617 1165 736 1204 grana
767 1165 934 1205 papaver
965 1152 1104 1204 habet3

77 1220 121 1251 25
143 1212 245 1251 Silva
277 1211 378 1250 feras
411 1217 506 1262 quot
537 1211 632 1262 alit,
664 1216 760 1262 quot
790 1211 963 1262 piscibus
996 1211 1100 1250 unda
1131 1216 1310 1262 natatur,

144 1270 247 1316 Quot
277 1275 459 1308 tenerum
489 1271 629 1321 pennis
661 1273 750 1308 aera
780 1268 909 1321 pulsat
941 1270 1047 1321 avis,

143 1328 218 1367 Tot
248 1339 405 1379 premor
438 1327 638 1366 adversis:
678 1339 775 1378 quae
808 1329 842 1366 si
873 1326 1154 1379 comprendere
1186 1339 1329 1376 coner,

142 1387 286 1425 Icariae
318 1397 526 1425 numerum
559 1386 689 1425 dicere
722 1397 842 1425 coner
874 1397 1018 1436 aquae.

142 1444 270 1495 thue
302 1445 384 1482 viae
417 1455 559 1495 casus,
591 1450 635 1482 ut
666 1455 794 1482 amara
826 1443 999 1495 pericula
1030 1445 1164 1496 ponti,

79 1511 123 1542 30
144 1502 193 1541 Ut
224 1508 372 1541 taceam
403 1503 558 1540 strictas
591 1503 631 1540 in
664 1514 749 1540 mea
780 1502 856 1540 fata
887 1513 1048 1540 manus:

144 1560 312 1599 Barbara
344 1572 404 1598 me
438 1559 552 1599 tellus
584 1559 769 1611 orbisque
801 1561 1010 1598 novissima
1042 1560 1172 1611 magni

145 1619 321 1657 Sustinet
352 1624 391 1657 et
422 1630 534 1657 saevo
568 1619 719 1658 cinctus
752 1618 799 1657 ab
831 1618 942 1657 hoste
975 1618 1108 1658 locus.

143 1677 241 1716 Hinc
274 1689 344 1728 ego
378 1678 615 1725 traicerem,
645 1698 692 1730 ε-
728 1689 856 1728 neque
889 1678 992 1715 enim
1031 1689 1115 1715 mea
1153 1675 1266 1727 culpa

655 1729 660 1731 ’
869 1740 1031 1774 cruenta
1063 1739 1124 1774 est
1146 1755 1194 1762 —-

144 1793 286 1846 Esset,
319 1805 417 1844 quae
450 1792 595 1846 debet,
628 1795 661 1832 si
692 1792 763 1832 tibi
795 1805 889 1832 cura
921 1795 1020 1832 mei.

81 1859 124 1892 35
144 1851 211 1890 llle
244 1851 340 1891 deus
359 1882 370 1904 ‚
401 1851 501 1890 bene
534 1864 611 1903 quo
643 1851 814 1890 Romana
847 1853 1019 1903 potentia
1051 1853 1140 1890 nixa
1172 1858 1253 1904 est,

146 1910 267 1961 Saepe
301 1922 371 1949 suo
405 1911 527 1949 victor
558 1910 656 1949 lenis
688 1911 728 1949 in
760 1910 873 1949 hoste
906 1911 1001 1949 suit.

145 1968 245 2013 Quid
278 1968 432 2007 dubitas
465 1974 502 2008 et
534 1974 617 2007 tuta
649 1966 799 2008 times?
849 1968 989 2007 accede
1021 1980 1218 2020 rogaque:

147 2026 311 2065 Caesare
343 2027 396 2065 nil
427 2028 565 2078 ingens
597 2028 730 2066 mitius
763 2026 868 2066 orbis
900 2026 1038 2066 habet.

146 2085 204 2123 Me
237 2084 449 2124 miserum!
483 2085 576 2136 quid
603 2097 738 2138 agam,
769 2087 802 2124 si
833 2086 1008 2136 proxima
1036 2096 1213 2136 quaeque
1245 2084 1360 2124 relin-

870 2141 1033 2194 quunt?

85 2209 128 2240 40
151 2201 355 2240 Subtrahis
389 2202 547 2241 effracto
581 2207 624 2241 tu
657 2214 813 2253 quoque
847 2201 943 2240 colla
974 2199 1100 2252 iugo?

146 2259 230 2304 Quo
264 2257 407 2299 ferar?
450 2261 553 2299 unde
584 2266 713 2312 petam
746 2261 856 2298 lassis
890 2259 1030 2298 solacia
1063 2258 1216 2299 rebus?

147 2320 298 2356 Ancora
330 2319 405 2357 iam
438 2325 611 2357 nostram
645 2331 721 2357 non
755 2324 862 2357 tenet
893 2318 969 2357 ulla
1002 2324 1152 2358 ratem.

1105 2382 1152 2417 ὃ*
