1601 2484
227 88 283 128 6⁴2
785 86 1013 118 TmsTmM

343 195 542 234 Materiam
575 193 710 243 culpae
742 194 1072 244 persequiturque
1105 205 1196 231 suae
1215 222 1223 231 .

280 262 323 293 35
344 254 421 291 Nos
454 264 608 302 quoque
641 251 863 302 delectant,
896 253 1070 301 quamvis
1101 262 1301 301 nocuere,
1333 249 1474 302 libelli,

344 311 532 360 Quodque
566 309 658 348 mihi
689 310 811 348 telum
843 308 1002 347 vulnera
1033 309 1154 357 fecit,
1187 320 1299 346 amo.

343 369 523 406 Forsitan
554 367 628 405 hoc
661 367 832 405 studium
864 369 986 418 possit
1018 367 1128 405 furor
1160 378 1245 404 esse
1278 365 1422 417 videri,

345 426 419 464 Sed
454 425 635 476 quiddam
668 425 778 463 furor
810 425 872 463 hic
904 425 1082 464 utilitatis
1114 424 1253 462 habet.

345 484 508 534 Semper
540 485 577 520 in
612 482 751 521 obtutu
782 488 953 521 mentem
984 488 1089 521 vetat
1121 494 1207 520 esse
1240 481 1452 532 malorum,

277 551 324 582 40
345 542 567 580 Praesentis
599 553 712 579 casus
744 542 1077 591 inmemoremque
1110 541 1224 578 facit.

344 600 471 650 thue
505 611 618 637 suum
650 598 801 637 Bacche
833 611 910 637 non
943 600 1062 637 sentit
1094 599 1223 636 saucia
1256 597 1417 648 vulnus,

344 659 444 696 Dum
476 663 607 708 stupet
638 656 761 695 Idaeis
794 656 988 695 exululata
1020 657 1166 707 modis,

345 717 409 755 Sic
441 715 508 754 ubi
540 721 641 753 mota
674 715 800 753 calent
832 715 948 753 viridi
977 726 1062 752 mea
1094 719 1253 764 pectora
1284 713 1442 765 thyrso,

345 774 467 812 Altior
499 773 668 811 humano
702 774 863 823 spiritus
895 773 959 811 ille
989 771 1089 810 malo
1123 776 1204 810 est.

281 841 324 872 45
345 833 410 871 Ille
444 844 515 870 nec
548 831 736 883 exilium,
769 831 939 882 Scythici
970 842 1042 869 nec
1074 829 1187 869 litora
1219 831 1352 880 ponti,

346 891 413 929 Ille
446 902 517 928 nec
549 891 669 927 iratos
701 891 821 928 sentit
852 888 996 927 habere
1029 888 1146 926 deos.

344 949 472 999 thue
505 948 741 998 soporiferae
779 947 954 985 biberem
987 948 1020 985 si
1050 945 1188 997 pocula
1220 945 1385 997 Lethes,

347 1007 552 1057 Temporis
584 1006 736 1044 adversi
769 1007 823 1043 sic
856 1005 951 1043 mihi
977 1016 1115 1043 sensus
1147 1004 1283 1042 abest.

345 1065 434 1103 Iure
467 1064 558 1102 deas
590 1065 710 1113 igitur
741 1076 906 1102 veneror
938 1063 1035 1101 mala
1067 1068 1200 1101 nostra
1232 1061 1428 1112 levantes,

283 1132 327 1162 50
349 1122 542 1161 Sollicitae
575 1123 737 1160 comites
770 1134 816 1160 ex
848 1121 1032 1159 Helicone
1066 1122 1201 1171 fugae,

347 1181 395 1219 Et
426 1182 568 1231 partim
600 1180 735 1230 pelago
768 1181 908 1230 partim
940 1180 1102 1229 vestigia
1133 1184 1239 1216 terra

348 1238 416 1277 Vel
447 1243 529 1276 rate
562 1238 736 1288 dignatas
769 1237 827 1275 vel
859 1237 957 1288 pede
989 1243 1122 1275 nostra
1155 1237 1288 1287 sequi.

349 1297 454 1347 Sint,
475 1308 637 1347 precor,
657 1296 752 1334 haec
773 1295 909 1334 saltem
930 1295 1061 1334 faciles
1075 1294 1189 1333 mihi!
1217 1305 1382 1344 namque
1403 1293 1564 1332 deorum

349 1355 486 1394 Cetera
519 1367 607 1393 cum
640 1366 778 1404 magno
811 1353 975 1393 Caesare
1007 1353 1122 1392 turba
1154 1353 1268 1404 facit,

286 1422 329 1453 55
351 1414 489 1464 Meque
522 1418 580 1451 tot
612 1413 785 1451 adversis
818 1412 1046 1464 cumulant,
1080 1417 1174 1462 quot
1205 1410 1297 1449 litus
1330 1422 1489 1461 arenas,

350 1472 530 1522 Quotque
563 1471 707 1509 fretum
737 1472 865 1522 pisces
884 1501 895 1522 ,
928 1482 1075 1521 ovaque
1108 1470 1226 1520 piscis
1257 1468 1395 1507 habet.

349 1530 447 1568 Vere
480 1530 589 1580 prius
620 1529 736 1567 ssores
757 1559 768 1580 ,
801 1534 910 1567 aestu
942 1528 1166 1567 numerabis
1199 1528 1362 1578 aristas,

349 1589 468 1627 Poma
499 1599 569 1638 per
602 1592 832 1625 autumnum
865 1586 1156 1637 frigoribusque
1189 1587 1320 1637 nives,

351 1646 474 1692 Quam
507 1645 632 1697 mala,
667 1658 764 1696 quae
796 1650 879 1684 toto
911 1646 1037 1696 patior
1070 1646 1233 1683 iactatus
1266 1645 1305 1681 in
1338 1642 1457 1694 orbe,

287 1714 330 1745 (30
353 1705 451 1743 Dum
483 1705 603 1742 miser
634 1703 776 1742 Euxini
809 1703 923 1742 litora
955 1703 1060 1741 laeva
1092 1708 1205 1753 peto.

351 1763 430 1801 Nec
463 1768 620 1812 tamen,
653 1768 697 1800 ut
729 1764 815 1800 veni
834 1794 844 1812 ,
877 1761 998 1800 levior
1029 1762 1186 1799 fortuna
1217 1759 1408 1798 malorum
1440 1764 1521 1798 est:

352 1821 436 1859 Huc
470 1833 625 1871 quoque
658 1826 750 1858 sunt
782 1826 934 1858 nostras
967 1820 1042 1858 fata
1075 1824 1209 1857 secuta
1239 1819 1342 1856 vias.

352 1880 423 1918 Hic
457 1891 611 1929 quoque
645 1890 837 1929 cognosco
870 1877 1008 1917 natalis
1041 1878 1203 1916 stamina
1235 1877 1383 1927 nostri,

354 1938 526 1976 Stamina
558 1936 605 1975 de
638 1938 749 1986 nigro
782 1936 925 1975 vellere
959 1936 1057 1974 facta
1089 1935 1207 1974 mihi.

289 2005 332 2036 65
353 1996 481 2047 thue
514 2007 585 2033 nec
618 1995 777 2033 insidias
811 1996 1026 2045 capitisque
1058 1992 1232 2045 pericula
1264 2003 1441 2043 narrem,

353 2054 451 2093 Vera
484 2053 669 2105 quidem,
702 2055 784 2091 veri
817 2053 881 2091 sed
916 2054 1092 2103 graviora
1124 2051 1221 2089 fide:

354 2112 491 2151 Vivere
525 2123 640 2162 quam
672 2114 859 2150 miserum
893 2117 952 2149 est
990 2112 1093 2149 inter
1125 2109 1345 2159 Bessosque
1378 2106 1569 2157 Getasque

353 2171 495 2223 Illum,
529 2171 596 2221 qui
626 2169 762 2221 populi
795 2181 949 2220 semper
982 2171 1020 2207 in
1055 2180 1121 2206 ore
1155 2166 1249 2206 fuit!

353 2228 488 2278 Quam*
509 2230 695 2267 miserum
729 2233 817 2279 est,
850 2232 961 2278 porta
993 2228 1109 2265 vitam
1142 2236 1334 2276 muroque
1366 2224 1492 2273 tueri,

290 2296 333 2327 ’το
354 2287 502 2334 vixque
536 2288 597 2325 sui
628 2292 757 2325 tutum
792 2286 937 2324 viribus
971 2297 1056 2323 esse
1088 2283 1187 2323 loci!
