1575 2489
198 91 283 132 228
738 92 987 125 FASTORUM

313 199 483 248 Tempus
516 200 619 249 erit,
651 210 739 237 cum
771 210 839 236 vos
871 197 1082 249 orbemque
1114 198 1289 238 tuebitur
1320 199 1447 251 idem,

227 264 293 296 530
371 255 420 293 Et
451 256 545 293 fient
576 258 659 306 ipso
692 267 798 294 sacra
832 256 982 294 colente
1015 257 1108 295 deo:

313 314 362 351 Et
389 325 508 362 penes
540 313 736 362 Augustos
767 315 914 363 patriae
946 313 1066 352 tutela
1097 313 1287 352 manebit.

372 370 480 408 Hanc
512 370 568 408 sas
599 372 753 420 imperii
785 371 893 409 frena
924 377 1058 410 tenere
1091 371 1271 409 domum.

315 428 407 466 Inde
440 439 560 478 nepos
592 433 783 478 natusque
816 428 906 479 dei,
938 428 1028 467 licet
1058 430 1142 479 ipse
1174 434 1353 480 recuset,

373 485 551 524 Pondera
583 485 739 524 caelesti
772 491 899 524 mente
930 491 1090 536 paterna
1120 487 1242 524 feret.

230 552 296 583 535
316 543 443 593 thue
475 555 545 593 ego
576 545 776 594 perpetuis
808 543 899 581 olim
930 543 1111 581 sacrabor
1142 545 1182 582 in
1214 546 1314 594 aris,

375 601 438 639 Sic
470 601 644 650 Augusta
675 612 816 639 novum
847 600 942 639 Iulia
973 613 1117 639 numen
1149 598 1266 639 erit.'

317 658 473 697 Talibus
505 664 548 697 ut
579 658 692 697 dictis
724 664 880 697 nostros
912 658 1114 697 descendit
1144 660 1185 696 in
1217 670 1361 709 annos,

376 715 558 754 Substitit
588 717 627 754 in
658 716 806 754 medios
838 717 1011 766 praescia
1042 716 1173 766 lingua
1204 728 1342 754 sonos.

317 773 517 824 Puppibus
551 785 731 824 egressus
763 773 869 812 Latia
901 775 1009 812 stetit
1041 773 1128 812 exul
1158 774 1198 811 in
1230 773 1372 812 herba.

231 839 298 870 540
378 831 512 882 Felix,
546 831 702 870 exilium
734 833 798 870 cui
828 831 936 870 locus
966 831 1029 869 ille
1063 830 1158 869 fuit!

318 889 397 927 Nec
423 901 531 927 mora
556 889 668 939 longa
694 889 792 936 fuit,
824 889 976 927 stabant
1001 900 1098 927 nova
1122 894 1225 927 tecta
1244 920 1254 939 ,
1280 900 1406 939 neque
1431 888 1526 926 alter

377 946 572 985 Montibus
604 947 785 985 Ausoniis
817 946 964 985 Arcade
996 948 1118 984 maior
1150 952 1258 984 erat.

318 1004 420 1043 Ecce
452 1004 568 1042 boves
599 1004 691 1042 illuc
722 1003 951 1054 Erytheidas
983 1004 1148 1054 applicat
1178 1003 1293 1042 heros

378 1061 570 1100 Emensus
601 1061 705 1111 longi
736 1061 902 1111 claviger
933 1061 1038 1099 orbis
1070 1063 1167 1100 iter.

234 1128 299 1158 545
320 1118 497 1170 Dumque
523 1119 614 1157 huic
639 1118 850 1169 hospitium
877 1119 1013 1156 domus
1040 1124 1099 1156 est
1124 1118 1320 1169 Tegeaea,
1342 1124 1527 1169 vagantur

379 1176 640 1214 Incustoditae
672 1176 770 1214 laeta
801 1188 871 1226 per
903 1188 992 1214 arva
1022 1176 1162 1214 boves.

321 1234 430 1272 Mane
464 1239 575 1272 erat:
620 1245 807 1272 excussus
840 1245 974 1272 somno
1007 1233 1233 1284 Tirynthius
1265 1239 1371 1272 actor

380 1291 434 1330 De
466 1303 628 1330 numero
660 1298 793 1330 tauros
825 1293 944 1330 sentit
974 1291 1108 1329 abesse
1139 1291 1262 1330 duos.

322 1349 432 1388 Nulla
463 1349 567 1388 videt
599 1361 789 1400 quaerens
821 1350 928 1387 taciti
959 1350 1121 1399 vestigia
1150 1350 1268 1388 furti:

236 1415 302 1447 550
381 1407 568 1445 Traxerat
599 1418 753 1445 aversos
786 1406 908 1445 Cacus
939 1408 979 1445 in
1012 1412 1121 1445 antra
1152 1407 1279 1445 feros:

325 1465 447 1504 Cacus
466 1495 476 1515 ,
509 1466 717 1503 Aventinae
749 1466 865 1503 timor
897 1470 1012 1514 atque
1044 1465 1199 1502 infamia
1230 1463 1370 1516 silvae,

383 1522 468 1560 Non
500 1521 581 1560 leve
613 1522 786 1560 finitimis
817 1521 1112 1572 hospitibusque
1145 1521 1309 1560 malum.

323 1580 414 1619 Dira
445 1581 527 1618 viro
560 1581 677 1618 facies
696 1611 706 1631 ,
738 1581 840 1617 vires
871 1591 942 1629 pro
975 1591 1167 1630 corpore,
1200 1591 1342 1630 corpus

383 1637 558 1676 Grande:
590 1643 699 1688 pater
731 1639 895 1675 monstri
925 1636 1112 1675 Mulciber
1143 1637 1259 1675 huius
1293 1643 1397 1675 erat:

240 1704 307 1736 555
327 1695 481 1745 Proque
514 1695 626 1733 domo
658 1695 781 1745 longis
814 1695 997 1746 spelunca
1028 1694 1248 1733 recessibus
1279 1697 1416 1746 ingens

383 1753 549 1805 Abdita,
583 1754 643 1791 vix
674 1754 769 1803 ipsis
801 1752 1030 1791 invenienda
1062 1753 1177 1790 feris.

325 1811 402 1849 Ora
433 1823 550 1861 super
582 1816 713 1861 postes
745 1810 934 1861 affixaque
966 1809 1123 1848 brachia
1154 1810 1347 1862 pendent,

387 1868 644 1919 Squalidaque
676 1868 854 1906 humanis
887 1867 1039 1906 ossibus
1071 1867 1173 1906 albet
1203 1868 1367 1906 humus.

331 1926 490 1964 Servata
520 1925 617 1964 male
649 1931 759 1977 parte
790 1925 909 1964 boum
940 1925 1027 1964 Iove
1059 1932 1172 1964 natus
1204 1925 1358 1965 abibas:

241 1993 306 2023 560
385 1984 574 2034 Mugitum
606 1996 722 2022 rauco
755 1984 858 2022 furta
889 1983 1031 2021 dedere
1063 1995 1181 2021 sono.

329 2039 499 2092 ‘Accipio
532 2038 782 2080 revocamen'
817 2043 891 2092 ait,
922 2053 1134 2091 vocemque
1167 2047 1324 2080 secutus

385 2099 505 2150 Impia
535 2111 606 2150 per
638 2099 751 2138 silvas
782 2100 904 2137 victor
935 2098 981 2136 ad
1013 2104 1122 2137 antra
1153 2101 1278 2137 venit.

327 2156 393 2195 Ille
426 2157 571 2196 aditum
603 2158 716 2196 fracti
746 2162 1038 2208 praestruxerat
1069 2156 1179 2194 obice
1212 2159 1375 2208 montis,

385 2214 454 2252 Vix
488 2217 576 2265 iuga
608 2217 818 2254 movissent
849 2216 1019 2265 quinque
1052 2214 1112 2252 bis
1143 2214 1237 2253 illud
1269 2227 1387 2265 opus.

242 2280 307 2310 565
329 2271 473 2310 Nititur
504 2273 567 2312 hic
599 2274 771 2324 umeris,
790 2293 837 2300 —
857 2271 1004 2312 caelum
1035 2284 1188 2323 quoque
1222 2272 1373 2311 sederat
1397 2271 1529 2310 illis-
