1575 2489
486 62 544 94 IV.
573 69 648 94 vm
670 63 858 94 70—vnn
877 61 933 95 48.
1291 58 1375 99 199

220 169 368 220 Lingua
401 167 593 206 salutandi
625 180 786 207 munere
820 168 952 207 functa
986 168 1065 206 tui:

163 228 420 277 Gratatusque
454 226 586 264 darem
619 238 707 265 cum
740 225 920 265 dulcibus
953 225 1086 264 oscula
1118 224 1271 276 veihis,

219 285 299 324 Nec
330 286 459 323 minus
491 284 554 323 ille
587 296 726 336 meus,
760 297 875 335 quam
907 290 1028 335 tuus,
1061 290 1166 322 esset
1197 283 1346 322 1101101.

100 352 141 383 15
163 344 225 382 llla
245 374 255 394 ‚
290 343 506 393 confiteor,
540 343 596 381 sic
628 355 754 381 essem
787 343 872 381 luce
906 341 1124 394 superbus,

220 401 270 440 Ut
302 406 458 452 caperet
490 401 612 439 fastus
645 403 706 439 vix
739 401 877 440 domus
910 401 985 439 ulla
1018 411 1148 451 meos3

162 460 337 510 Dumque
371 459 471 497 latus
504 460 628 497 sancti
661 461 781 509 cingit
813 459 881 498 tibi
914 458 1028 497 turba
1060 463 1241 509 senatus,

220 517 398 556 Consulis
431 523 519 556 ante
551 517 671 568 pedes
704 519 760 556 ire
792 517 950 556 iuberer
983 529 1126 567 eques:

162 575 209 614 Et
241 587 475 626 quamquam
507 587 691 625 cuperem
725 588 879 626 semper
918 575 988 614 tibi
1026 576 1227 626 proximus
1267 586 1376 626 esse,

96 643 142 674 20
222 633 440 672 Gauderem
471 633 603 672 lateris
635 646 712 672 non
746 634 927 672 habuisse
961 633 1111 671 locum.

162 692 241 731 Nec
275 692 463 742 querulus
483 723 493 743 ‚
527 692 640 730 turba
672 694 846 743 quamvis
879 692 1045 730 eliderer
1065 722 1076 742 ‚
1110 702 1259 729 essem:

221 750 297 788 Sed
330 751 431 789 soret
463 762 482 788 a
515 750 657 801 populo
691 757 784 789 tunc
816 750 911 788 mihi
942 749 1054 788 dulce
1087 750 1236 799 premi.

161 808 431 859 prospicerem
463 809 635 859 gaudens
656 840 666 860 ,
698 813 866 859 quantus
899 808 999 846 foret
1031 808 1195 857 agminis
1228 806 1346 857 ordo,

219 867 422 918 Densaque
456 879 571 917 quam
604 866 760 917 longum
792 865 906 905 turba
938 871 1091 904 teneret
1122 866 1219 904 iter.

94 932 139 964 25
162 924 344 975 [Quoque
377 926 498 975 magis
530 926 665 975 noris,
699 936 813 974 quam
846 936 906 962 me
941 924 1111 974 vulgaria
1143 929 1323 974 tangant,

220 983 475 1035 Spectarem,
509 982 633 1033 qualis
666 994 841 1033 purpura
872 988 909 1021 te
943 981 1133 1032 tegeret]

161 1040 297 1092 [Signa
329 1054 485 1092 quoque
518 1042 557 1079 in
591 1040 682 1079 sella
714 1052 871 1079 nossem
904 1041 1066 1079 formata
1099 1039 1245 1090 curuli,

218 1099 266 1138 Et
298 1105 422 1138 totum
454 1099 642 1138 Numidae
675 1099 856 1150 sculptile
889 1099 1016 1137 dentis
1049 1110 1147 1149 opus
1163 1097 1189 1148 .]

162 1157 207 1196 At
239 1170 327 1196 cum
360 1157 544 1209 Tarpeias
577 1169 683 1196 esses
716 1157 907 1196 deductus
939 1159 978 1195 in
1011 1169 1143 1208 arces,
1302 1165 1377 1196 (126)

96 1225 140 1255 30
220 1216 318 1255 Dum
353 1216 509 1254 caderet
540 1217 649 1254 iussu
682 1217 837 1254 victima
869 1227 977 1254 sacra
1012 1220 1100 1266 tuo,

159 1274 218 1313 Me
253 1286 406 1325 quoque
441 1280 591 1313 secreto
624 1280 753 1325 grates
787 1274 859 1312 sibi
892 1286 1054 1325 magnus
1087 1278 1266 1323 agentem

219 1333 402 1371 Audisset
434 1333 558 1371 media
591 1334 658 1383 qui
690 1332 800 1371 sedet
831 1332 924 1371 aede
958 1333 1076 1371 deus.

160 1391 342 1442 Turaque
374 1396 504 1430 mente
538 1392 658 1441 magis
690 1390 826 1442 plena,
860 1403 975 1441 quam
1006 1391 1146 1442 lance,
1181 1389 1376 1428 dedissem

219 1449 296 1487 Ter
329 1454 495 1500 quater,
527 1450 681 1499 imperii
713 1449 837 1487 laetus
869 1449 1016 1487 honore
1049 1450 1130 1487 tui.

95 1516 139 1546 35
161 1507 259 1546 Hinc
292 1519 362 1558 ego
394 1513 622 1558 praesentes
654 1509 757 1546 inter
789 1519 1018 1546 numerarer
1050 1507 1217 1558 amicos,

217 1565 324 1604 Mitia
355 1567 416 1604 ius
448 1565 564 1604 Urbis
597 1567 629 1604 si
661 1564 776 1604 modo
810 1566 885 1604 fata
917 1565 1077 1604 darent:

160 1624 345 1675 Quaeque
378 1624 473 1663 mihi
505 1624 584 1663 sola
617 1625 768 1675 capitur
800 1636 905 1663 nunc
936 1629 1067 1662 mente
1098 1623 1299 1676 voluptas,

217 1682 328 1721 Tunc
361 1683 483 1721 oculis
516 1684 630 1722 etiam
663 1682 913 1733 percipienda
946 1683 1069 1722 foret.

159 1740 244 1779 Non
276 1742 327 1779 ita
361 1741 562 1780 caelitibus
595 1742 720 1780 visum
753 1746 840 1792 est,
874 1746 911 1780 et
944 1741 1107 1779 forsitan
1140 1742 1297 1792 aequis.

93 1806 139 1838 40
218 1799 313 1838 Nam
346 1799 439 1850 quid
470 1812 532 1838 me
564 1811 710 1850 poenae
744 1812 858 1838 causa
891 1804 1029 1850 negata
1060 1797 1200 1838 iuvet?

159 1857 286 1896 Mente
319 1863 447 1896 tamen
467 1889 477 1909 ‚
510 1869 608 1908 quae
641 1857 720 1896 sola
752 1857 836 1896 loco
869 1870 947 1896 non
981 1858 1132 1910 exulat,
1164 1863 1275 1909 utar,

216 1916 460 1954 Praetextam
480 1947 490 1967 ,
521 1917 646 1955 fasces
678 1917 939 1966 aspiciamque
971 1921 1083 1956 tuos.

159 1973 261 2012 Haec
293 1974 407 2013 modo
440 1980 477 2013 te
510 1974 653 2025 populo
686 1974 915 2013 reddentem
948 1975 1033 2013 iura
1066 1974 1233 2025 videbit,

217 2031 266 2071 Et
297 2045 338 2071 se
371 2035 535 2072 secretis
567 2034 687 2084 finget
718 2033 853 2071 adesse
885 2032 1004 2072 locis:

96 2098 138 2129 45
159 2090 270 2129 Nunc
301 2090 407 2142 longi
438 2091 587 2130 reditus
620 2092 752 2130 hastae
785 2103 1005 2142 supponere
1037 2091 1152 2130 lustri

218 2148 381 2200 Credet,
414 2155 453 2188 et
484 2155 616 2189 exacta
649 2156 789 2189 cuncta
820 2150 948 2188 locare
981 2149 1079 2189 fide:

158 2206 270 2245 Nunc
302 2208 429 2246 facere
461 2209 501 2247 in
532 2208 660 2247 medio
693 2209 904 2247 facundum
936 2208 1052 2246 verba
1085 2213 1244 2260 senatu,

216 2264 376 2304 Publica
409 2272 660 2317 quaerentem
694 2267 786 2318 quid
818 2272 924 2318 petat
956 2266 1127 2306 utilitas:
