1601 2484
518 89 545 120 I.
572 97 615 121 xl
635 88 773 122 36—11.
795 90 849 122 62.
1297 87 1352 128 23

137 198 274 250 Fecit,
307 208 404 248 quos
436 200 540 234 aetas
572 197 709 247 aspicit
740 208 816 234 una
848 195 978 234 semel.

139 256 206 294 His
238 267 378 306 precor
410 253 596 305 exemplis
628 259 694 292 tua
725 266 829 293 nunc
848 285 858 305 ,
891 255 1094 292 mitissime
1129 253 1293 306 Caesar,

137 313 221 352 Fiat
252 313 298 352 ab
329 314 485 363 ingenio
518 311 669 350 mollior
700 314 757 350 ira
789 325 887 351 meo.

138 371 204 410 Illa
236 372 392 422 quidem
423 372 523 409 iusta
556 375 645 422 est,
677 383 749 409 nec
781 383 841 409 me
875 372 1065 409 meruisse
1099 369 1270 423 negab03
1300 392 1352 397 —

73 438 120 468 30
140 430 226 468 Non
258 429 353 468 adeo
386 433 520 467 nostro
553 428 650 479 sugit
682 428 728 466 ab
761 441 828 467 ore
861 429 988 479 pudor
1018 450 1065 455 —

141 488 217 526 Sed
250 489 324 526 nisi
355 499 609 538 peccassem,
641 487 733 537 quid
766 492 808 525 tu
841 487 1055 525 concedere
1088 484 1260 537 posses?

137 545 337 584 Materiam
370 547 500 583 veniae
533 556 618 583 sors
651 545 722 583 tibi
753 551 886 584 nostra
918 545 1046 583 dedit.

140 604 211 656 Si,
243 605 424 655 quotiens
457 610 619 654 peccant
649 603 855 654 homines,
888 615 955 641 sua
989 602 1148 640 fulmina
1180 604 1308 642 mittat

137 661 340 713 Iuppiter,
373 663 512 712 exiguo
545 667 719 712 tempore
752 663 912 699 inermis
945 662 1042 711 erit3

71 728 117 760 35
138 720 249 759 Nunc
268 751 279 772 ,
311 720 379 759 ubi
411 720 589 758 detonuit
619 721 864 770 strepituque
897 719 1088 757 exterruit
1119 718 1277 772 orbem,

138 779 286 817 Purum
319 778 506 817 discussis
538 782 627 816 aera
657 777 785 816 reddit
816 778 949 827 aquis,

137 837 227 875 Iure
260 838 379 887 igitur
411 838 639 887 genitorque
672 835 788 874 deum
819 841 1028 886 rectorque
1061 841 1246 888 vocatur,

140 895 228 933 Iure
261 906 381 945 capax
412 895 581 933 mundus
613 893 667 932 nil
698 892 786 932 Iove
819 894 943 932 maius
976 893 1114 932 habet.

138 953 197 991 Tu
230 965 409 1004 quoque,
441 965 529 991 cum
562 954 708 1003 patriae
740 957 871 990 rector
903 952 1032 990 dicare
1064 958 1277 1003 paterque,

73 1020 120 1050 40
139 1011 258 1050 Utere
289 1023 398 1049 more
431 1011 493 1049 dei
525 1022 667 1049 nomen
699 1010 877 1049 habentis
909 1010 1022 1050 idem.

139 1070 259 1120 quue
292 1070 415 1121 facis,
447 1081 518 1107 nec
550 1075 588 1108 te
621 1070 826 1120 quisquam
858 1068 1098 1107 moderatius
1131 1080 1315 1120 umquam

141 1128 295 1179 Imperii
326 1129 454 1178 potuit
485 1127 596 1165 frena
628 1134 761 1165 tenere
796 1128 867 1165 sui.

139 1187 200 1225 Tu
231 1187 381 1224 veniam
412 1187 514 1237 parti
546 1190 751 1236 superatae
784 1197 898 1235 saepe
932 1185 1097 1237 dedisti,

139 1245 224 1282 Non
256 1256 516 1282 concessurus
548 1256 664 1294 quam
696 1243 767 1282 tibi
798 1245 921 1281 victor
954 1249 1048 1282 erat.

73 1312 118 1342 45
141 1303 290 1341 Divitiis
323 1304 437 1341 etiam
471 1302 612 1340 multos
644 1307 683 1340 et
714 1301 929 1340 honoribus
961 1307 1098 1340 auctos

140 1361 254 1412 Vidi,
287 1362 354 1411 qui
385 1360 556 1399 tulerant
587 1362 626 1398 in
659 1366 775 1411 caput
806 1372 910 1398 arma
944 1366 1077 1399 tuum.

141 1419 325 1469 Quaeque
359 1418 441 1456 dies
474 1418 647 1469 bellum,
685 1418 777 1456 belli
809 1418 878 1456 tibi
910 1418 1068 1457 sustulit
1100 1420 1220 1471 iram,

139 1477 314 1528 Parsque
347 1477 462 1515 simul
493 1476 648 1527 templis
681 1482 847 1526 utraque
881 1477 981 1514 dona
1013 1476 1122 1515 tulit.

142 1535 269 1586 thue
302 1541 393 1574 tuus
426 1535 567 1585 gaudet
598 1534 739 1587 miles,
771 1534 875 1585 quod
908 1536 1045 1573 vicerit
1077 1535 1252 1587 hostem,

75 1602 121 1634 50
143 1594 206 1632 Sic
239 1595 384 1632 victum
417 1606 487 1632 cur
519 1605 560 1631 se
593 1593 788 1645 gaudeat,
820 1593 944 1631 hostis
976 1593 1116 1632 habet.

141 1652 265 1691 Causa
296 1664 381 1690 mea
413 1658 473 1690 est
505 1651 640 1690 melior
659 1683 669 1703 ,
702 1653 769 1702 qui
800 1663 872 1690 nec
905 1653 1100 1690 contraria
1132 1652 1240 1691 dicor

141 1712 287 1762 Arma,
319 1722 391 1749 nec
422 1710 585 1749 hostiles
619 1722 703 1748 esse
737 1715 897 1749 secutus
930 1722 1046 1761 opes.

141 1769 216 1807 Per
249 1781 354 1807 mare
374 1800 384 1820 ,
415 1781 486 1820 per
518 1773 643 1807 terras
662 1800 673 1820 ,
704 1781 776 1819 per
807 1770 922 1807 tertia
954 1770 1113 1807 numina
1145 1770 1256 1821 iuro,

142 1827 218 1865 Per
250 1832 288 1865 te
320 1832 566 1878 praesentem
598 1829 933 1878 conspicuumque
966 1827 1106 1879 deum,

77 1894 122 1925 55
144 1885 252 1924 Hanc
284 1887 450 1924 animam
482 1886 621 1924 favisse
654 1885 725 1924 tibi
744 1918 754 1937 ,
786 1887 844 1924 vir
876 1887 1069 1939 maxime,
1101 1898 1266 1938 meque,

143 1944 226 1990 Qua
259 1944 338 1982 sola
370 1945 508 1996 potui,
540 1950 669 1983 mente
702 1944 821 1982 fuisse
855 1949 988 1983 tuum.

142 2002 309 2054 Optavi,
341 2008 497 2053 peteres
530 2002 711 2041 caelestia
743 2003 870 2041 sidera
903 2003 1011 2041 tarde
1031 2035 1041 2054 ,

139 2061 313 2112 Parsque
349 2061 403 2099 fui
435 2060 571 2100 turbae
604 2072 720 2112 parva
751 2062 947 2112 precantis
979 2061 1105 2112 idem3

141 2119 190 2158 Et
220 2121 283 2170 pia
315 2125 402 2158 tura
434 2119 522 2158 dedi
554 2131 624 2170 pro
657 2126 724 2172 te,
758 2132 925 2170 cumque
961 2119 1142 2158 omnibus
1175 2131 1276 2158 unus

77 2177 229 2228 601pse
263 2190 418 2228 quoque
451 2178 579 2217 adiuvi
610 2178 766 2228 publica
798 2183 883 2216 vota
917 2180 1035 2216 meis.

141 2236 243 2282 Quid
275 2237 442 2275 referam
474 2236 623 2288 libros,
661 2237 747 2275 illos
780 2249 936 2287 quoque
955 2267 966 2287 7
1005 2237 1168 2274 crimina
1199 2242 1355 2287 nostra,

140 2294 243 2333 Mille
275 2294 371 2333 locis
402 2294 537 2346 plenos
569 2297 736 2334 nominis
770 2307 855 2333 esse
890 2292 980 2333 tui?
