<?xml version="1.0" encoding="UTF-8"?>
<!DOCTYPE html PUBLIC "-//W3C//DTD XHTML 1.0 Transitional//EN"
    "http://www.w3.org/TR/xhtml1/DTD/xhtml1-transitional.dtd">
<html xmlns="http://www.w3.org/1999/xhtml" xml:lang="en" lang="en">
 <head>
  <title>
</title>
<meta http-equiv="Content-Type" content="text/html;charset=utf-8" />
  <meta name='ocr-system' content='tesseract 3.04.00' />
  <meta name='ocr-capabilities' content='ocr_page ocr_carea ocr_par ocr_line ocrx_word'/>
</head>
<body>
  <div class='ocr_page' id='page_1' title='image "./operaovid01oviduoft_0243.png"; bbox 0 0 1575 2489; ppageno 0'>
   <div class='ocr_carea' id='block_1_1' title="bbox 485 74 1346 115">
    <p class='ocr_par' dir='ltr' id='par_1_1' title="bbox 485 74 1346 115">
     <span class='ocr_line' id='line_1_1' title="bbox 485 74 1346 115; baseline 0.008 -7"><span class='ocrx_word' id='word_1_1' title='bbox 485 76 544 109; x_wconf 87' lang='lat' dir='ltr'>IV.</span> <span class='ocrx_word' id='word_1_2' title='bbox 572 84 614 109; x_wconf 82' lang='lat' dir='ltr'>VI</span> <span class='ocrx_word' id='word_1_3' title='bbox 633 78 789 110; x_wconf 86' lang='lat' dir='ltr'><strong>34-v11</strong></span> <span class='ocrx_word' id='word_1_4' title='bbox 809 78 864 110; x_wconf 84' lang='lat'>54.</span> <span class='ocrx_word' id='word_1_5' title='bbox 1265 74 1346 115; x_wconf 82' lang='lat'>195</span> 
     </span>
    </p>
   </div>
   <div class='ocr_carea' id='block_1_2' title="bbox 68 183 1349 2380">
    <p class='ocr_par' dir='ltr' id='par_1_2' title="bbox 68 183 1349 2380">
     <span class='ocr_line' id='line_1_2' title="bbox 190 183 1046 234; baseline 0 -12"><span class='ocrx_word' id='word_1_6' title='bbox 190 183 277 234; x_wconf 86' lang='lat' dir='ltr'>Ipsa</span> <span class='ocrx_word' id='word_1_7' title='bbox 309 189 438 222; x_wconf 89' lang='lat' dir='ltr'>tamen</span> <span class='ocrx_word' id='word_1_8' title='bbox 470 184 594 222; x_wconf 86' lang='lat' dir='ltr'>virtus</span> <span class='ocrx_word' id='word_1_9' title='bbox 627 183 762 222; x_wconf 85' lang='lat' dir='ltr'>ordine</span> <span class='ocrx_word' id='word_1_10' title='bbox 796 184 917 222; x_wconf 88' lang='lat' dir='ltr'>maior</span> <span class='ocrx_word' id='word_1_11' title='bbox 950 184 1046 222; x_wconf 90' lang='lat' dir='ltr'>erit.</span> 
     </span>
     <span class='ocr_line' id='line_1_3' title="bbox 131 240 1318 294; baseline 0.001 -15"><span class='ocrx_word' id='word_1_12' title='bbox 131 240 215 280; x_wconf 91' lang='lat' dir='ltr'>Non</span> <span class='ocrx_word' id='word_1_13' title='bbox 248 248 362 292; x_wconf 87' lang='lat' dir='ltr'>negat</span> <span class='ocrx_word' id='word_1_14' title='bbox 393 241 467 280; x_wconf 88' lang='lat' dir='ltr'>hoc</span> <span class='ocrx_word' id='word_1_15' title='bbox 498 240 660 294; x_wconf 85' lang='lat' dir='ltr'>Hister,</span> <span class='ocrx_word' id='word_1_16' title='bbox 692 243 804 280; x_wconf 87' lang='lat' dir='ltr'>cuius</span> <span class='ocrx_word' id='word_1_17' title='bbox 836 247 901 280; x_wconf 90' lang='lat' dir='ltr'>tua</span> <span class='ocrx_word' id='word_1_18' title='bbox 934 242 1092 280; x_wconf 87' lang='lat' dir='ltr'>dextera</span> <span class='ocrx_word' id='word_1_19' title='bbox 1125 241 1318 292; x_wconf 86' lang='lat' dir='ltr'>quondam</span> 
     </span>
     <span class='ocr_line' id='line_1_4' title="bbox 68 299 1107 351; baseline -0.001 -13"><span class='ocrx_word' id='word_1_20' title='bbox 68 308 112 338; x_wconf 83' lang='lat'>‘20</span> <span class='ocrx_word' id='word_1_21' title='bbox 190 299 400 338; x_wconf 87' lang='lat' dir='ltr'>Puniceam</span> <span class='ocrx_word' id='word_1_22' title='bbox 433 299 567 338; x_wconf 90' lang='lat' dir='ltr'>Getico</span> <span class='ocrx_word' id='word_1_23' title='bbox 601 301 789 351; x_wconf 88' lang='lat' dir='ltr'>sanguine</span> <span class='ocrx_word' id='word_1_24' title='bbox 822 300 915 338; x_wconf 87' lang='lat' dir='ltr'>fecit</span> <span class='ocrx_word' id='word_1_25' title='bbox 947 311 1107 350; x_wconf 85' lang='lat' dir='ltr'>aquam.</span> 
     </span>
     <span class='ocr_line' id='line_1_5' title="bbox 131 356 1201 410; baseline 0 -14"><span class='ocrx_word' id='word_1_26' title='bbox 131 356 216 396; x_wconf 89' lang='lat' dir='ltr'>Non</span> <span class='ocrx_word' id='word_1_27' title='bbox 248 363 364 408; x_wconf 88' lang='lat' dir='ltr'>negat</span> <span class='ocrx_word' id='word_1_28' title='bbox 394 358 555 407; x_wconf 82' lang='lat' dir='ltr'>Aegisos</span> <span class='ocrx_word' id='word_1_29' title='bbox 574 388 586 410; x_wconf 80' lang='lat'>,</span> <span class='ocrx_word' id='word_1_30' title='bbox 619 370 716 408; x_wconf 88' lang='lat' dir='ltr'>quae</span> <span class='ocrx_word' id='word_1_31' title='bbox 748 364 787 397; x_wconf 93' lang='lat' dir='ltr'>te</span> <span class='ocrx_word' id='word_1_32' title='bbox 820 357 1012 397; x_wconf 82' lang='lat' dir='ltr'>subeunte</span> <span class='ocrx_word' id='word_1_33' title='bbox 1045 364 1201 409; x_wconf 89' lang='lat' dir='ltr'>recepta</span> 
     </span>
     <span class='ocr_line' id='line_1_6' title="bbox 192 415 1081 467; baseline 0.001 -13"><span class='ocrx_word' id='word_1_34' title='bbox 192 415 322 454; x_wconf 83' lang='lat' dir='ltr'>Sensit</span> <span class='ocrx_word' id='word_1_35' title='bbox 354 417 394 454; x_wconf 91' lang='lat' dir='ltr'>in</span> <span class='ocrx_word' id='word_1_36' title='bbox 425 417 580 466; x_wconf 89' lang='lat' dir='ltr'>ingenio</span> <span class='ocrx_word' id='word_1_37' title='bbox 614 416 668 454; x_wconf 91' lang='lat' dir='ltr'>nil</span> <span class='ocrx_word' id='word_1_38' title='bbox 701 418 785 467; x_wconf 88' lang='lat' dir='ltr'>opis</span> <span class='ocrx_word' id='word_1_39' title='bbox 818 428 903 455; x_wconf 90' lang='lat' dir='ltr'>esse</span> <span class='ocrx_word' id='word_1_40' title='bbox 935 416 1031 455; x_wconf 87' lang='lat' dir='ltr'>loci.</span> <span class='ocrx_word' id='word_1_41' title='bbox 1076 456 1081 461; x_wconf 61' lang='grc'><em>,</em></span> 
     </span>
     <span class='ocr_line' id='line_1_7' title="bbox 131 473 1230 525; baseline 0 -13"><span class='ocrx_word' id='word_1_42' title='bbox 131 473 226 512; x_wconf 88' lang='lat' dir='ltr'>Nam</span> <span class='ocrx_word' id='word_1_43' title='bbox 246 505 257 525; x_wconf 91' lang='lat'>,</span> <span class='ocrx_word' id='word_1_44' title='bbox 289 473 481 525; x_wconf 88' lang='lat' dir='ltr'>dubium,</span> <span class='ocrx_word' id='word_1_45' title='bbox 513 475 644 525; x_wconf 91' lang='lat' dir='ltr'>positu</span> <span class='ocrx_word' id='word_1_46' title='bbox 676 475 816 513; x_wconf 89' lang='lat' dir='ltr'>melius</span> <span class='ocrx_word' id='word_1_47' title='bbox 849 474 1008 513; x_wconf 81' lang='lat' dir='ltr'>defensa</span> <span class='ocrx_word' id='word_1_48' title='bbox 1039 485 1230 525; x_wconf 79' lang='lat' dir='ltr'>manuue,</span> 
     </span>
     <span class='ocr_line' id='line_1_8' title="bbox 190 530 1162 583; baseline 0.001 -13"><span class='ocrx_word' id='word_1_49' title='bbox 190 530 292 570; x_wconf 88' lang='lat' dir='ltr'>Urbs</span> <span class='ocrx_word' id='word_1_50' title='bbox 325 537 407 571; x_wconf 87' lang='lat' dir='ltr'>erat</span> <span class='ocrx_word' id='word_1_51' title='bbox 438 533 478 570; x_wconf 91' lang='lat' dir='ltr'>in</span> <span class='ocrx_word' id='word_1_52' title='bbox 511 544 662 571; x_wconf 90' lang='lat' dir='ltr'>summo</span> <span class='ocrx_word' id='word_1_53' title='bbox 694 532 865 572; x_wconf 87' lang='lat' dir='ltr'>nubibus</span> <span class='ocrx_word' id='word_1_54' title='bbox 898 545 1019 583; x_wconf 88' lang='lat' dir='ltr'>aequa</span> <span class='ocrx_word' id='word_1_55' title='bbox 1049 534 1162 583; x_wconf 86' lang='lat' dir='ltr'>iugo.</span> 
     </span>
     <span class='ocr_line' id='line_1_9' title="bbox 69 589 994 642; baseline 0 -14"><span class='ocrx_word' id='word_1_56' title='bbox 69 597 112 629; x_wconf 77' lang='lat'>25</span> <span class='ocrx_word' id='word_1_57' title='bbox 135 589 311 628; x_wconf 87' lang='lat' dir='ltr'>Sithonio</span> <span class='ocrx_word' id='word_1_58' title='bbox 344 591 427 640; x_wconf 86' lang='lat' dir='ltr'>regi</span> <span class='ocrx_word' id='word_1_59' title='bbox 460 590 566 629; x_wconf 83' lang='lat' dir='ltr'>ferus</span> <span class='ocrx_word' id='word_1_60' title='bbox 598 592 861 642; x_wconf 75' lang='lat' dir='ltr'>interceperat</span> <span class='ocrx_word' id='word_1_61' title='bbox 891 591 994 629; x_wconf 87' lang='lat' dir='ltr'>illam</span> 
     </span>
     <span class='ocr_line' id='line_1_10' title="bbox 189 647 1078 700; baseline 0.001 -14"><span class='ocrx_word' id='word_1_62' title='bbox 189 647 320 688; x_wconf 89' lang='lat' dir='ltr'>Hostis</span> <span class='ocrx_word' id='word_1_63' title='bbox 353 655 392 686; x_wconf 87' lang='lat' dir='ltr'>et</span> <span class='ocrx_word' id='word_1_64' title='bbox 424 655 576 700; x_wconf 87' lang='lat' dir='ltr'>ereptas</span> <span class='ocrx_word' id='word_1_65' title='bbox 608 650 732 688; x_wconf 90' lang='lat' dir='ltr'>victor</span> <span class='ocrx_word' id='word_1_66' title='bbox 763 648 929 688; x_wconf 88' lang='lat' dir='ltr'>habebat</span> <span class='ocrx_word' id='word_1_67' title='bbox 961 660 1078 700; x_wconf 89' lang='lat' dir='ltr'>opes;</span> 
     </span>
     <span class='ocr_line' id='line_1_11' title="bbox 131 705 1013 746; baseline 0.001 -2"><span class='ocrx_word' id='word_1_68' title='bbox 131 705 261 745; x_wconf 89' lang='lat' dir='ltr'>Donec</span> <span class='ocrx_word' id='word_1_69' title='bbox 293 706 476 746; x_wconf 81' lang='lat' dir='ltr'>fluminea</span> <span class='ocrx_word' id='word_1_70' title='bbox 509 707 668 746; x_wconf 87' lang='lat' dir='ltr'>devecta</span> <span class='ocrx_word' id='word_1_71' title='bbox 700 707 877 746; x_wconf 87' lang='lat' dir='ltr'>Vitellius</span> <span class='ocrx_word' id='word_1_72' title='bbox 909 707 1013 746; x_wconf 88' lang='lat' dir='ltr'>unda</span> 
     </span>
     <span class='ocr_line' id='line_1_12' title="bbox 191 763 1049 818; baseline 0 -16"><span class='ocrx_word' id='word_1_73' title='bbox 191 763 353 816; x_wconf 89' lang='lat' dir='ltr'>Intulit,</span> <span class='ocrx_word' id='word_1_74' title='bbox 387 767 562 816; x_wconf 87' lang='lat' dir='ltr'>exposito</span> <span class='ocrx_word' id='word_1_75' title='bbox 594 766 715 804; x_wconf 90' lang='lat' dir='ltr'>milite</span> <span class='ocrx_word' id='word_1_76' title='bbox 735 797 746 818; x_wconf 89' lang='lat'>,</span> <span class='ocrx_word' id='word_1_77' title='bbox 779 767 886 816; x_wconf 87' lang='lat' dir='ltr'>signa</span> <span class='ocrx_word' id='word_1_78' title='bbox 919 764 1049 803; x_wconf 88' lang='lat' dir='ltr'>Getis.</span> 
     </span>
     <span class='ocr_line' id='line_1_13' title="bbox 132 822 1073 874; baseline 0 -14"><span class='ocrx_word' id='word_1_79' title='bbox 132 824 180 861; x_wconf 75' lang='lat' dir='ltr'>At</span> <span class='ocrx_word' id='word_1_80' title='bbox 212 822 282 861; x_wconf 90' lang='lat' dir='ltr'>tibi</span> <span class='ocrx_word' id='word_1_81' title='bbox 301 854 312 874; x_wconf 93' lang='lat'>,</span> <span class='ocrx_word' id='word_1_82' title='bbox 343 826 550 874; x_wconf 87' lang='lat' dir='ltr'>progenies</span> <span class='ocrx_word' id='word_1_83' title='bbox 582 823 648 862; x_wconf 88' lang='lat' dir='ltr'>alti</span> <span class='ocrx_word' id='word_1_84' title='bbox 681 824 892 862; x_wconf 85' lang='lat' dir='ltr'>fortissima</span> <span class='ocrx_word' id='word_1_85' title='bbox 922 822 1073 874; x_wconf 85' lang='lat' dir='ltr'>Donni,</span> 
     </span>
     <span class='ocr_line' id='line_1_14' title="bbox 69 880 1043 932; baseline -0.001 -13"><span class='ocrx_word' id='word_1_86' title='bbox 69 889 111 920; x_wconf 90' lang='lat'>30</span> <span class='ocrx_word' id='word_1_87' title='bbox 191 880 305 920; x_wconf 84' lang='lat' dir='ltr'>Venit</span> <span class='ocrx_word' id='word_1_88' title='bbox 335 883 376 920; x_wconf 89' lang='lat' dir='ltr'>in</span> <span class='ocrx_word' id='word_1_89' title='bbox 409 881 590 920; x_wconf 87' lang='lat' dir='ltr'>adversos</span> <span class='ocrx_word' id='word_1_90' title='bbox 623 883 792 932; x_wconf 91' lang='lat' dir='ltr'>impetus</span> <span class='ocrx_word' id='word_1_91' title='bbox 824 883 882 919; x_wconf 92' lang='lat' dir='ltr'>ire</span> <span class='ocrx_word' id='word_1_92' title='bbox 914 882 1043 918; x_wconf 80' lang='lat' dir='ltr'>viros,</span> 
     </span>
     <span class='ocr_line' id='line_1_15' title="bbox 133 938 1240 990; baseline 0 -13"><span class='ocrx_word' id='word_1_93' title='bbox 133 938 211 978; x_wconf 87' lang='lat' dir='ltr'>Nec</span> <span class='ocrx_word' id='word_1_94' title='bbox 243 951 351 978; x_wconf 89' lang='lat' dir='ltr'>mora</span> <span class='ocrx_word' id='word_1_95' title='bbox 370 971 380 990; x_wconf 90' lang='lat'>‚</span> <span class='ocrx_word' id='word_1_96' title='bbox 414 941 648 990; x_wconf 86' lang='lat' dir='ltr'>conspicuus</span> <span class='ocrx_word' id='word_1_97' title='bbox 681 939 794 990; x_wconf 91' lang='lat' dir='ltr'>longe</span> <span class='ocrx_word' id='word_1_98' title='bbox 827 938 1067 990; x_wconf 84' lang='lat' dir='ltr'>fulgentibus</span> <span class='ocrx_word' id='word_1_99' title='bbox 1099 940 1240 990; x_wconf 89' lang='lat' dir='ltr'>armis,</span> 
     </span>
     <span class='ocr_line' id='line_1_16' title="bbox 190 996 1067 1049; baseline 0 -14"><span class='ocrx_word' id='word_1_100' title='bbox 190 996 320 1036; x_wconf 87' lang='lat' dir='ltr'>Fortia</span> <span class='ocrx_word' id='word_1_101' title='bbox 352 1009 400 1036; x_wconf 92' lang='lat' dir='ltr'>ne</span> <span class='ocrx_word' id='word_1_102' title='bbox 432 999 585 1048; x_wconf 90' lang='lat' dir='ltr'>possint</span> <span class='ocrx_word' id='word_1_103' title='bbox 616 998 716 1036; x_wconf 85' lang='lat' dir='ltr'>facta</span> <span class='ocrx_word' id='word_1_104' title='bbox 748 997 868 1036; x_wconf 89' lang='lat' dir='ltr'>latere</span> <span class='ocrx_word' id='word_1_105' title='bbox 888 1029 899 1049; x_wconf 86' lang='lat'>,</span> <span class='ocrx_word' id='word_1_106' title='bbox 931 1008 1067 1048; x_wconf 86' lang='lat' dir='ltr'>caves,</span> 
     </span>
     <span class='ocr_line' id='line_1_17' title="bbox 133 1055 1183 1107; baseline -0.001 -13"><span class='ocrx_word' id='word_1_107' title='bbox 133 1055 362 1107; x_wconf 84' lang='lat' dir='ltr'>Ingentique</span> <span class='ocrx_word' id='word_1_108' title='bbox 395 1056 517 1107; x_wconf 87' lang='lat' dir='ltr'>gradu</span> <span class='ocrx_word' id='word_1_109' title='bbox 549 1062 685 1095; x_wconf 89' lang='lat' dir='ltr'>contra</span> <span class='ocrx_word' id='word_1_110' title='bbox 717 1057 945 1106; x_wconf 87' lang='lat' dir='ltr'>ferrumque</span> <span class='ocrx_word' id='word_1_111' title='bbox 977 1056 1183 1106; x_wconf 89' lang='lat' dir='ltr'>locumque</span> 
     </span>
     <span class='ocr_line' id='line_1_18' title="bbox 192 1113 1091 1165; baseline 0 -13"><span class='ocrx_word' id='word_1_112' title='bbox 192 1113 366 1165; x_wconf 81' lang='lat' dir='ltr'>Saxaque</span> <span class='ocrx_word' id='word_1_113' title='bbox 398 1114 566 1153; x_wconf 85' lang='lat' dir='ltr'>brumali</span> <span class='ocrx_word' id='word_1_114' title='bbox 596 1114 784 1165; x_wconf 81' lang='lat' dir='ltr'>grandine</span> <span class='ocrx_word' id='word_1_115' title='bbox 816 1114 928 1165; x_wconf 87' lang='lat' dir='ltr'>plura</span> <span class='ocrx_word' id='word_1_116' title='bbox 960 1113 1091 1152; x_wconf 86' lang='lat' dir='ltr'>subis.</span> 
     </span>
     <span class='ocr_line' id='line_1_19' title="bbox 69 1171 1205 1223; baseline -0.001 -12"><span class='ocrx_word' id='word_1_117' title='bbox 69 1180 112 1211; x_wconf 83' lang='lat'>35</span> <span class='ocrx_word' id='word_1_118' title='bbox 133 1171 213 1211; x_wconf 83' lang='lat' dir='ltr'>Nec</span> <span class='ocrx_word' id='word_1_119' title='bbox 245 1178 283 1211; x_wconf 90' lang='lat' dir='ltr'>te</span> <span class='ocrx_word' id='word_1_120' title='bbox 315 1174 433 1211; x_wconf 89' lang='lat' dir='ltr'>missa</span> <span class='ocrx_word' id='word_1_121' title='bbox 465 1184 583 1223; x_wconf 90' lang='lat' dir='ltr'>super</span> <span class='ocrx_word' id='word_1_122' title='bbox 614 1173 830 1212; x_wconf 86' lang='lat' dir='ltr'>iaculorum</span> <span class='ocrx_word' id='word_1_123' title='bbox 862 1172 977 1211; x_wconf 87' lang='lat' dir='ltr'>turba</span> <span class='ocrx_word' id='word_1_124' title='bbox 1009 1177 1205 1223; x_wconf 84' lang='lat' dir='ltr'>moratur,</span> 
     </span>
     <span class='ocr_line' id='line_1_20' title="bbox 190 1230 1083 1281; baseline -0.001 -12"><span class='ocrx_word' id='word_1_125' title='bbox 190 1230 271 1270; x_wconf 87' lang='lat' dir='ltr'>Nec</span> <span class='ocrx_word' id='word_1_126' title='bbox 303 1242 401 1281; x_wconf 90' lang='lat' dir='ltr'>quae</span> <span class='ocrx_word' id='word_1_127' title='bbox 434 1232 591 1281; x_wconf 83' lang='lat' dir='ltr'>vipereo</span> <span class='ocrx_word' id='word_1_128' title='bbox 624 1231 699 1270; x_wconf 90' lang='lat' dir='ltr'>tela</span> <span class='ocrx_word' id='word_1_129' title='bbox 732 1242 873 1270; x_wconf 89' lang='lat' dir='ltr'>cruore</span> <span class='ocrx_word' id='word_1_130' title='bbox 905 1230 1083 1269; x_wconf 90' lang='lat' dir='ltr'>madent.</span> 
     </span>
     <span class='ocr_line' id='line_1_21' title="bbox 134 1288 1192 1340; baseline 0 -13"><span class='ocrx_word' id='word_1_131' title='bbox 134 1288 290 1340; x_wconf 83' lang='lat' dir='ltr'>Spicula</span> <span class='ocrx_word' id='word_1_132' title='bbox 324 1301 411 1327; x_wconf 90' lang='lat' dir='ltr'>cum</span> <span class='ocrx_word' id='word_1_133' title='bbox 443 1291 559 1340; x_wconf 89' lang='lat' dir='ltr'>pictis</span> <span class='ocrx_word' id='word_1_134' title='bbox 591 1289 755 1328; x_wconf 87' lang='lat' dir='ltr'>haerent</span> <span class='ocrx_word' id='word_1_135' title='bbox 785 1291 825 1328; x_wconf 92' lang='lat' dir='ltr'>in</span> <span class='ocrx_word' id='word_1_136' title='bbox 858 1288 1007 1327; x_wconf 84' lang='lat' dir='ltr'>casside</span> <span class='ocrx_word' id='word_1_137' title='bbox 1039 1290 1192 1340; x_wconf 89' lang='lat' dir='ltr'>pinnis,</span> 
     </span>
     <span class='ocr_line' id='line_1_22' title="bbox 191 1347 1104 1398; baseline -0.001 -12"><span class='ocrx_word' id='word_1_138' title='bbox 191 1347 365 1398; x_wconf 84' lang='lat' dir='ltr'>Parsque</span> <span class='ocrx_word' id='word_1_139' title='bbox 397 1348 478 1386; x_wconf 86' lang='lat' dir='ltr'>sere</span> <span class='ocrx_word' id='word_1_140' title='bbox 512 1349 613 1386; x_wconf 90' lang='lat' dir='ltr'>scuti</span> <span class='ocrx_word' id='word_1_141' title='bbox 646 1347 805 1386; x_wconf 87' lang='lat' dir='ltr'>vulnere</span> <span class='ocrx_word' id='word_1_142' title='bbox 838 1347 941 1385; x_wconf 90' lang='lat' dir='ltr'>nulla</span> <span class='ocrx_word' id='word_1_143' title='bbox 974 1353 1104 1385; x_wconf 86' lang='lat' dir='ltr'>vacat.</span> 
     </span>
     <span class='ocr_line' id='line_1_23' title="bbox 132 1405 1348 1456; baseline 0.001 -12"><span class='ocrx_word' id='word_1_144' title='bbox 132 1405 211 1444; x_wconf 91' lang='lat' dir='ltr'>Nec</span> <span class='ocrx_word' id='word_1_145' title='bbox 244 1417 387 1456; x_wconf 88' lang='lat' dir='ltr'>corpus</span> <span class='ocrx_word' id='word_1_146' title='bbox 420 1412 582 1445; x_wconf 87' lang='lat' dir='ltr'>cunctos</span> <span class='ocrx_word' id='word_1_147' title='bbox 614 1406 780 1445; x_wconf 83' lang='lat' dir='ltr'>feliciter</span> <span class='ocrx_word' id='word_1_148' title='bbox 813 1405 948 1456; x_wconf 82' lang='lat' dir='ltr'>effugit</span> <span class='ocrx_word' id='word_1_149' title='bbox 979 1407 1104 1444; x_wconf 89' lang='lat' dir='ltr'>ictus:</span> <span class='ocrx_word' id='word_1_150' title='bbox 1276 1414 1348 1445; x_wconf 68' lang='lat'>(120)</span> 
     </span>
     <span class='ocr_line' id='line_1_24' title="bbox 70 1463 1114 1503; baseline -0.001 -1"><span class='ocrx_word' id='word_1_151' title='bbox 70 1472 113 1503; x_wconf 79' lang='lat'>40</span> <span class='ocrx_word' id='word_1_152' title='bbox 194 1464 269 1503; x_wconf 89' lang='lat' dir='ltr'>Sed</span> <span class='ocrx_word' id='word_1_153' title='bbox 302 1465 428 1502; x_wconf 91' lang='lat' dir='ltr'>minor</span> <span class='ocrx_word' id='word_1_154' title='bbox 461 1470 520 1503; x_wconf 91' lang='lat' dir='ltr'>est</span> <span class='ocrx_word' id='word_1_155' title='bbox 551 1465 632 1503; x_wconf 90' lang='lat' dir='ltr'>acri</span> <span class='ocrx_word' id='word_1_156' title='bbox 663 1464 787 1503; x_wconf 88' lang='lat' dir='ltr'>laudis</span> <span class='ocrx_word' id='word_1_157' title='bbox 820 1475 949 1502; x_wconf 89' lang='lat' dir='ltr'>amore</span> <span class='ocrx_word' id='word_1_158' title='bbox 983 1463 1114 1501; x_wconf 87' lang='lat' dir='ltr'>dolor.</span> 
     </span>
     <span class='ocr_line' id='line_1_25' title="bbox 134 1520 1149 1573; baseline -0.001 -13"><span class='ocrx_word' id='word_1_159' title='bbox 134 1521 236 1561; x_wconf 91' lang='lat' dir='ltr'>Talis</span> <span class='ocrx_word' id='word_1_160' title='bbox 269 1522 369 1573; x_wconf 89' lang='lat' dir='ltr'>apud</span> <span class='ocrx_word' id='word_1_161' title='bbox 402 1522 558 1560; x_wconf 88' lang='lat' dir='ltr'>Troiam</span> <span class='ocrx_word' id='word_1_162' title='bbox 589 1522 729 1561; x_wconf 85' lang='lat' dir='ltr'>Danais</span> <span class='ocrx_word' id='word_1_163' title='bbox 762 1534 831 1573; x_wconf 88' lang='lat' dir='ltr'>pro</span> <span class='ocrx_word' id='word_1_164' title='bbox 863 1520 1026 1560; x_wconf 90' lang='lat' dir='ltr'>navibus</span> <span class='ocrx_word' id='word_1_165' title='bbox 1056 1522 1149 1559; x_wconf 91' lang='lat' dir='ltr'>Aiax</span> 
     </span>
     <span class='ocr_line' id='line_1_26' title="bbox 193 1580 1014 1620; baseline -0.001 -1"><span class='ocrx_word' id='word_1_166' title='bbox 193 1580 344 1619; x_wconf 82' lang='lat' dir='ltr'>Dicitur</span> <span class='ocrx_word' id='word_1_167' title='bbox 375 1580 588 1620; x_wconf 88' lang='lat' dir='ltr'>Hectoreas</span> <span class='ocrx_word' id='word_1_168' title='bbox 621 1582 855 1620; x_wconf 85' lang='lat' dir='ltr'>sustinuisse</span> <span class='ocrx_word' id='word_1_169' title='bbox 887 1580 1014 1618; x_wconf 88' lang='lat' dir='ltr'>faces.</span> 
     </span>
     <span class='ocr_line' id='line_1_27' title="bbox 134 1638 1349 1691; baseline -0.001 -14"><span class='ocrx_word' id='word_1_170' title='bbox 134 1638 182 1679; x_wconf 91' lang='lat' dir='ltr'>Ut</span> <span class='ocrx_word' id='word_1_171' title='bbox 213 1640 374 1690; x_wconf 90' lang='lat' dir='ltr'>propius</span> <span class='ocrx_word' id='word_1_172' title='bbox 402 1645 561 1678; x_wconf 79' lang='lat' dir='ltr'>ventum</span> <span class='ocrx_word' id='word_1_173' title='bbox 594 1645 681 1691; x_wconf 84' lang='lat' dir='ltr'>est,</span> <span class='ocrx_word' id='word_1_174' title='bbox 714 1639 945 1690; x_wconf 88' lang='lat' dir='ltr'>admotaque</span> <span class='ocrx_word' id='word_1_175' title='bbox 978 1638 1137 1677; x_wconf 81' lang='lat' dir='ltr'>dextera</span> <span class='ocrx_word' id='word_1_176' title='bbox 1170 1638 1349 1690; x_wconf 80' lang='lat' dir='ltr'>dextrae,</span> 
     </span>
     <span class='ocr_line' id='line_1_28' title="bbox 193 1697 1137 1748; baseline -0.001 -12"><span class='ocrx_word' id='word_1_177' title='bbox 193 1697 349 1748; x_wconf 86' lang='lat' dir='ltr'>Resque</span> <span class='ocrx_word' id='word_1_178' title='bbox 382 1698 464 1736; x_wconf 86' lang='lat' dir='ltr'>sero</span> <span class='ocrx_word' id='word_1_179' title='bbox 497 1699 624 1748; x_wconf 91' lang='lat' dir='ltr'>potuit</span> <span class='ocrx_word' id='word_1_180' title='bbox 656 1699 873 1736; x_wconf 86' lang='lat' dir='ltr'>comminus</span> <span class='ocrx_word' id='word_1_181' title='bbox 906 1708 999 1735; x_wconf 90' lang='lat' dir='ltr'>ense</span> <span class='ocrx_word' id='word_1_182' title='bbox 1031 1698 1137 1748; x_wconf 88' lang='lat' dir='ltr'>geri,</span> 
     </span>
     <span class='ocr_line' id='line_1_29' title="bbox 71 1755 1255 1807; baseline -0.001 -13"><span class='ocrx_word' id='word_1_183' title='bbox 71 1763 115 1794; x_wconf 80' lang='lat'>45</span> <span class='ocrx_word' id='word_1_184' title='bbox 134 1755 272 1794; x_wconf 85' lang='lat' dir='ltr'>Dicere</span> <span class='ocrx_word' id='word_1_185' title='bbox 305 1755 461 1794; x_wconf 84' lang='lat' dir='ltr'>difficile</span> <span class='ocrx_word' id='word_1_186' title='bbox 494 1761 580 1807; x_wconf 89' lang='lat' dir='ltr'>est,</span> <span class='ocrx_word' id='word_1_187' title='bbox 616 1756 708 1806; x_wconf 85' lang='lat' dir='ltr'>quid</span> <span class='ocrx_word' id='word_1_188' title='bbox 740 1755 842 1794; x_wconf 86' lang='lat' dir='ltr'>Mars</span> <span class='ocrx_word' id='word_1_189' title='bbox 874 1761 966 1794; x_wconf 89' lang='lat' dir='ltr'>tuus</span> <span class='ocrx_word' id='word_1_190' title='bbox 999 1757 1122 1805; x_wconf 85' lang='lat' dir='ltr'>egerit</span> <span class='ocrx_word' id='word_1_191' title='bbox 1153 1755 1255 1806; x_wconf 88' lang='lat' dir='ltr'>illic,</span> 
     </span>
     <span class='ocr_line' id='line_1_30' title="bbox 194 1813 1347 1866; baseline -0.001 -14"><span class='ocrx_word' id='word_1_192' title='bbox 194 1813 374 1865; x_wconf 88' lang='lat' dir='ltr'>Quotque</span> <span class='ocrx_word' id='word_1_193' title='bbox 401 1815 488 1852; x_wconf 89' lang='lat' dir='ltr'>neci</span> <span class='ocrx_word' id='word_1_194' title='bbox 514 1814 694 1866; x_wconf 88' lang='lat' dir='ltr'>dederis,</span> <span class='ocrx_word' id='word_1_195' title='bbox 725 1826 900 1865; x_wconf 87' lang='lat' dir='ltr'>quosque</span> <span class='ocrx_word' id='word_1_196' title='bbox 918 1845 928 1865; x_wconf 93' lang='lat'>,</span> <span class='ocrx_word' id='word_1_197' title='bbox 956 1813 1176 1864; x_wconf 85' lang='lat' dir='ltr'>quibusque</span> <span class='ocrx_word' id='word_1_198' title='bbox 1204 1813 1347 1852; x_wconf 89' lang='lat' dir='ltr'>modis.</span> 
     </span>
     <span class='ocr_line' id='line_1_31' title="bbox 135 1871 1068 1924; baseline 0 -14"><span class='ocrx_word' id='word_1_199' title='bbox 135 1871 238 1911; x_wconf 89' lang='lat' dir='ltr'>Ense</span> <span class='ocrx_word' id='word_1_200' title='bbox 271 1878 337 1910; x_wconf 88' lang='lat' dir='ltr'>tuo</span> <span class='ocrx_word' id='word_1_201' title='bbox 370 1873 492 1911; x_wconf 86' lang='lat' dir='ltr'>factos</span> <span class='ocrx_word' id='word_1_202' title='bbox 525 1872 697 1911; x_wconf 87' lang='lat' dir='ltr'>calcabas</span> <span class='ocrx_word' id='word_1_203' title='bbox 729 1874 853 1911; x_wconf 82' lang='lat' dir='ltr'>victor</span> <span class='ocrx_word' id='word_1_204' title='bbox 886 1884 1068 1924; x_wconf 87' lang='lat' dir='ltr'>acervos,</span> 
     </span>
     <span class='ocr_line' id='line_1_32' title="bbox 193 1930 1144 1982; baseline -0.001 -13"><span class='ocrx_word' id='word_1_205' title='bbox 193 1930 445 1982; x_wconf 87' lang='lat' dir='ltr'>Inpositoque</span> <span class='ocrx_word' id='word_1_206' title='bbox 478 1930 593 1970; x_wconf 88' lang='lat' dir='ltr'>Getes</span> <span class='ocrx_word' id='word_1_207' title='bbox 626 1931 697 1969; x_wconf 90' lang='lat' dir='ltr'>sub</span> <span class='ocrx_word' id='word_1_208' title='bbox 730 1930 828 1981; x_wconf 88' lang='lat' dir='ltr'>pede</span> <span class='ocrx_word' id='word_1_209' title='bbox 860 1930 1006 1970; x_wconf 88' lang='lat' dir='ltr'>multus</span> <span class='ocrx_word' id='word_1_210' title='bbox 1040 1935 1144 1968; x_wconf 89' lang='lat' dir='ltr'>erat.</span> 
     </span>
     <span class='ocr_line' id='line_1_33' title="bbox 135 1987 1214 2040; baseline -0.002 -12"><span class='ocrx_word' id='word_1_211' title='bbox 135 1988 286 2040; x_wconf 84' lang='lat' dir='ltr'>Pugnat</span> <span class='ocrx_word' id='word_1_212' title='bbox 317 1989 362 2028; x_wconf 89' lang='lat' dir='ltr'>ad</span> <span class='ocrx_word' id='word_1_213' title='bbox 395 1989 616 2040; x_wconf 86' lang='lat' dir='ltr'>exemplum</span> <span class='ocrx_word' id='word_1_214' title='bbox 646 1990 765 2040; x_wconf 86' lang='lat' dir='ltr'>primi</span> <span class='ocrx_word' id='word_1_215' title='bbox 795 1990 923 2027; x_wconf 89' lang='lat' dir='ltr'>minor</span> <span class='ocrx_word' id='word_1_216' title='bbox 956 1988 1091 2027; x_wconf 86' lang='lat' dir='ltr'>ordine</span> <span class='ocrx_word' id='word_1_217' title='bbox 1124 1987 1214 2040; x_wconf 84' lang='lat' dir='ltr'>pili,</span> 
     </span>
     <span class='ocr_line' id='line_1_34' title="bbox 74 2046 1160 2099; baseline -0.002 -13"><span class='ocrx_word' id='word_1_218' title='bbox 74 2055 116 2086; x_wconf 87' lang='lat'>50</span> <span class='ocrx_word' id='word_1_219' title='bbox 194 2047 390 2099; x_wconf 87' lang='lat' dir='ltr'>Multaque</span> <span class='ocrx_word' id='word_1_220' title='bbox 423 2048 500 2086; x_wconf 90' lang='lat' dir='ltr'>fert</span> <span class='ocrx_word' id='word_1_221' title='bbox 530 2047 641 2086; x_wconf 88' lang='lat' dir='ltr'>miles</span> <span class='ocrx_word' id='word_1_222' title='bbox 673 2047 861 2099; x_wconf 89' lang='lat' dir='ltr'>vulnera,</span> <span class='ocrx_word' id='word_1_223' title='bbox 894 2046 1015 2085; x_wconf 87' lang='lat' dir='ltr'>multa</span> <span class='ocrx_word' id='word_1_224' title='bbox 1047 2046 1160 2085; x_wconf 82' lang='lat' dir='ltr'>facit.</span> 
     </span>
     <span class='ocr_line' id='line_1_35' title="bbox 138 2105 1185 2157; baseline -0.002 -13"><span class='ocrx_word' id='word_1_225' title='bbox 138 2105 213 2144; x_wconf 87' lang='lat' dir='ltr'>Sed</span> <span class='ocrx_word' id='word_1_226' title='bbox 245 2111 395 2145; x_wconf 87' lang='lat' dir='ltr'>tantum</span> <span class='ocrx_word' id='word_1_227' title='bbox 426 2108 551 2145; x_wconf 77' lang='lat' dir='ltr'>virtus</span> <span class='ocrx_word' id='word_1_228' title='bbox 583 2106 676 2145; x_wconf 88' lang='lat' dir='ltr'>alios</span> <span class='ocrx_word' id='word_1_229' title='bbox 708 2112 774 2145; x_wconf 88' lang='lat' dir='ltr'>tua</span> <span class='ocrx_word' id='word_1_230' title='bbox 805 2106 995 2157; x_wconf 87' lang='lat' dir='ltr'>praeterit</span> <span class='ocrx_word' id='word_1_231' title='bbox 1027 2116 1185 2156; x_wconf 85' lang='lat' dir='ltr'>omnes,</span> 
     </span>
     <span class='ocr_line' id='line_1_36' title="bbox 195 2163 1133 2216; baseline 0 -14"><span class='ocrx_word' id='word_1_232' title='bbox 195 2165 292 2202; x_wconf 81' lang='lat' dir='ltr'>Ante</span> <span class='ocrx_word' id='word_1_233' title='bbox 325 2165 423 2203; x_wconf 90' lang='lat' dir='ltr'>citos</span> <span class='ocrx_word' id='word_1_234' title='bbox 455 2170 643 2216; x_wconf 88' lang='lat' dir='ltr'>quantum</span> <span class='ocrx_word' id='word_1_235' title='bbox 675 2164 846 2216; x_wconf 89' lang='lat' dir='ltr'>Pegasus</span> <span class='ocrx_word' id='word_1_236' title='bbox 877 2163 958 2202; x_wconf 85' lang='lat' dir='ltr'>ibat</span> <span class='ocrx_word' id='word_1_237' title='bbox 989 2175 1133 2214; x_wconf 81' lang='lat' dir='ltr'>equoS.</span> 
     </span>
     <span class='ocr_line' id='line_1_37' title="bbox 136 2222 1209 2275; baseline -0.001 -15"><span class='ocrx_word' id='word_1_238' title='bbox 136 2222 312 2261; x_wconf 80' lang='lat' dir='ltr'>Vincitur</span> <span class='ocrx_word' id='word_1_239' title='bbox 343 2223 532 2274; x_wconf 88' lang='lat' dir='ltr'>Aegisos.</span> <span class='ocrx_word' id='word_1_240' title='bbox 589 2228 805 2275; x_wconf 89' lang='lat' dir='ltr'>testataque</span> <span class='ocrx_word' id='word_1_241' title='bbox 838 2228 992 2273; x_wconf 87' lang='lat' dir='ltr'>tempus</span> <span class='ocrx_word' id='word_1_242' title='bbox 1024 2223 1064 2260; x_wconf 90' lang='lat' dir='ltr'>in</span> <span class='ocrx_word' id='word_1_243' title='bbox 1096 2233 1209 2260; x_wconf 88' lang='lat' dir='ltr'>omne</span> 
     </span>
     <span class='ocr_line' id='line_1_38' title="bbox 197 2280 1122 2335; baseline -0.002 -15"><span class='ocrx_word' id='word_1_244' title='bbox 197 2280 296 2320; x_wconf 88' lang='lat' dir='ltr'>Sunt</span> <span class='ocrx_word' id='word_1_245' title='bbox 328 2287 421 2334; x_wconf 89' lang='lat' dir='ltr'>tua,</span> <span class='ocrx_word' id='word_1_246' title='bbox 453 2281 647 2335; x_wconf 88' lang='lat' dir='ltr'>Vestalis,</span> <span class='ocrx_word' id='word_1_247' title='bbox 679 2283 849 2321; x_wconf 88' lang='lat' dir='ltr'>carmine</span> <span class='ocrx_word' id='word_1_248' title='bbox 882 2281 981 2320; x_wconf 83' lang='lat' dir='ltr'>facta</span> <span class='ocrx_word' id='word_1_249' title='bbox 1012 2291 1122 2319; x_wconf 88' lang='lat' dir='ltr'>meo.</span> 
     </span>
     <span class='ocr_line' id='line_1_39' title="bbox 1071 2347 1140 2380; baseline -0.014 0"><span class='ocrx_word' id='word_1_250' title='bbox 1071 2347 1140 2380; x_wconf 63' lang='lat'>13*</span> 
     </span>
    </p>
   </div>
  </div>
 </body>
</html>
