1575 2489
221 95 300 138 164
754 96 818 127 Ex
842 95 998 128 PONTO

838 237 918 283 XI.

331 342 413 380 Hoc
445 342 516 381 tibi
533 372 544 393 ‚
576 341 676 380 Rufe
695 373 705 392 ‚
736 340 846 379 brevi
876 347 1130 392 properatum
1163 346 1338 392 tempore
1370 342 1488 380 mittit

390 399 490 439 Naso
511 431 521 451 ,
552 411 690 451 parum
723 399 871 438 faustae
903 399 1082 438 eonditor
1114 399 1220 438 Artis
1239 430 1249 450 ‚
1282 411 1403 450 opus:

332 458 410 510 Ut,
443 470 675 509 quamquam
707 456 820 507 longe
853 462 933 496 toto
966 469 1102 496 sumus
1134 456 1227 495 orbe
1260 458 1423 509 remoti,

392 516 500 555 Scire
532 521 662 554 tamen
693 516 820 566 possis
852 527 922 554 nos
954 516 1177 554 meminisse
1210 516 1289 553 tui.

293 581 312 612 5
332 574 508 612 Nominis
540 579 628 612 ante
661 575 738 612 mei
769 575 925 611 venient
956 573 1096 612 oblivia
1128 572 1263 624 nobis,

392 632 556 671 Pectore
590 643 705 682 quam
737 633 859 682 pietas
891 632 942 670 sit
973 638 1038 670 tua
1070 631 1179 682 pulsa
1211 643 1323 669 meo.

333 690 384 728 Et
414 691 523 741 prius
555 690 654 728 hanc
687 691 852 728 animam
884 701 1024 728 vacuas
1055 689 1264 728 reddemus
1295 689 1336 727 in
1369 700 1504 740 auras,

393 748 517 793 Quam
548 749 613 786 fiat
645 749 775 786 meriti
806 749 928 798 gratia
960 759 1055 785 vana
1086 748 1166 786 tui.

334 806 485 844 Grande
524 818 619 844 voco
657 805 835 845 lacrimas
876 807 1086 856 meritum,
1125 804 1267 855 quibus
1306 816 1370 842 ora

1058 863 1232 914 rigabas,
1491 870 1546 904 (τι)

275 930 315 961 10
395 922 491 961 Cum
523 934 607 960 mea
640 927 823 960 concreto
857 923 959 960 sicca
992 921 1124 959 dolore
1156 922 1307 959 forent.

335 980 487 1019 Grande
520 992 615 1018 voco
647 981 831 1018 meritum
863 984 1031 1018 maestae
1065 979 1205 1018 solacia
1236 979 1400 1029 mentis,

394 1038 490 1076 Cum
522 1039 668 1089 pariter
699 1037 811 1076 nohis
843 1037 906 1075 illa
938 1037 1087 1088 tibique
1120 1037 1255 1075 dares.

337 1096 482 1147 Sponte
516 1096 672 1146 quidem
705 1107 774 1145 per
807 1107 926 1146 seque
959 1107 1043 1133 mea
1076 1101 1135 1133 est
1165 1094 1369 1134 laudabilis
1401 1106 1518 1134 uxor:

395 1154 606 1192 Admonitu
638 1153 775 1191 melior
807 1153 849 1191 fit
880 1159 1008 1192 tamen
1040 1153 1104 1191 illa
1136 1158 1226 1191 tuo.

276 1221 315 1251 15
337 1212 510 1262 Namque
544 1211 648 1262 quod
681 1210 910 1249 Hermiones
943 1210 1078 1250 Castor
1110 1212 1212 1262 fuit,
1243 1210 1387 1250 Hector
1418 1210 1517 1263 Iuli,
1574 1215 1575 1227 ³

395 1269 477 1308 Hoc
510 1282 579 1321 ego
613 1275 650 1308 te
683 1269 805 1307 laetor
837 1270 1014 1320 coniugis
1047 1281 1131 1307 esse
1163 1281 1294 1308 meae.

339 1328 445 1374 Quae
466 1359 477 1380 ‚
507 1340 556 1367 ne
589 1327 787 1366 dissimilis
819 1327 889 1365 tibi
922 1329 971 1366 sit
1002 1327 1195 1378 probitate
1214 1359 1225 1379 ‚
1255 1326 1426 1378 laborat,

397 1386 525 1437 Seque
557 1387 615 1425 tui
646 1387 722 1424 vita
754 1387 953 1436 sanguinis
986 1397 1070 1424 esse
1102 1385 1263 1437 probat.

339 1444 441 1495 Ergo
475 1444 579 1495 quod
612 1445 739 1482 suerat
770 1443 937 1483 stimulis
970 1444 1118 1482 factura
1151 1445 1234 1482 sine
1267 1443 1378 1494 ullis,

276 1511 318 1541 20
397 1502 556 1541 Plenius
589 1508 788 1541 auctorem
820 1508 858 1540 te
892 1514 1046 1552 quoque
1079 1508 1218 1540 nancta
1249 1502 1361 1540 facit.

337 1561 437 1599 Acer
469 1566 508 1598 et
539 1560 585 1598 ad
616 1560 763 1611 palmae
795 1572 865 1611 per
897 1572 938 1598 se
972 1572 1161 1599 cursurus
1193 1560 1385 1610 honores,

399 1618 440 1657 Si
471 1624 600 1657 tamen
633 1618 801 1656 horteris
820 1650 830 1670 ,
863 1619 1002 1657 fortius
1034 1618 1106 1656 ibit
1138 1631 1284 1669 equus,

339 1676 445 1715 Adde
465 1708 475 1728 ‚
508 1677 611 1727 quod
645 1676 815 1715 absentis
848 1689 940 1715 cura
973 1676 1149 1715 mandata
1182 1676 1285 1715 fideli

397 1734 587 1786 Persicis,
621 1741 659 1773 et
690 1734 838 1773 nullum
872 1735 972 1773 ferre
1006 1737 1176 1785 gravaris
1209 1747 1330 1773 onus.

277 1801 319 1832 25
342 1793 396 1831 O!
435 1793 607 1831 reserant
639 1799 766 1843 grates
786 1824 796 1844 ‚
830 1794 1013 1843 quoniam
1044 1805 1122 1831 non
1154 1805 1362 1844 possumus
1394 1794 1490 1844 ipsi,

398 1850 445 1889 Di
475 1850 574 1889 tibi.
632 1852 699 1901 qui
730 1851 930 1902 referent,
964 1852 996 1889 si
1027 1853 1089 1902 pia
1121 1852 1220 1890 facta
1250 1850 1402 1890 vident.
1574 1860 1575 1888 1

341 1908 592 1960 Sufficiatque
626 1909 692 1947 diu
726 1921 867 1961 corpus
901 1921 1054 1960 quoque
1087 1909 1260 1948 moribus
1291 1911 1402 1960 istis,
1573 1909 1575 1915 ⁴

399 1966 562 2005 Maxima
595 1967 771 2006 Fundani
803 1967 953 2019 gloria,
985 1967 1112 2019 Rufe,
1145 1968 1238 2006 soli.
