1575 2489
167 95 221 135 70
716 93 940 125 Tmsrrcu

218 212 261 242 55
281 202 436 253 Frigida
467 213 528 239 me
561 200 744 238 cohibent
775 199 917 238 Euxini
948 199 1062 238 litora
1092 198 1229 237 Ponti:

281 261 415 299 Dictus
446 258 493 297 ab
526 259 696 308 antiquis
727 258 883 296 Axenus
914 257 977 295 ille
1010 258 1105 295 fuit.

283 318 379 355 Nam
410 328 537 367 neque
569 317 763 354 iactantur
794 315 1003 354 moderatis
1035 325 1203 365 aequora
1234 314 1381 365 ventis,

282 375 362 413 Nec
392 373 564 425 placidos
595 379 733 424 portus
764 373 916 424 hospita
946 374 1054 411 navis
1086 372 1186 410 adit.

285 433 384 471 Sunt
410 433 513 470 circa
538 438 675 482 gentes
693 461 704 483 ,
736 443 835 482 quae
859 431 1042 482 praedam
1067 431 1253 480 sanguine
1281 434 1494 481 quaerunt3

222 500 266 530 60
287 490 367 529 Nec
398 491 527 528 minus
558 489 675 528 infida
707 495 811 527 terra
842 490 1003 528 timetur
1034 500 1154 539 aqua.

283 548 342 587 llli
363 580 373 600 ‚
404 560 502 599 quos
534 547 644 586 audis
675 547 876 585 hominum
907 546 1076 598 gaudere
1108 557 1274 597 cruore,

284 607 410 645 Paene
442 605 514 644 sub
547 606 721 645 eiusdem
754 604 892 643 sideris
923 617 992 643 axe
1024 606 1173 643 iacent.

284 664 364 703 Nec
396 664 532 715 procul
564 676 584 702 a
616 663 728 702 nobis
760 663 868 701 locus
900 669 988 713 est,
1018 662 1086 701 ubi
1117 661 1281 700 Taurica
1313 661 1395 699 dira

285 722 409 761 Caede
441 722 686 773 pharetratae
719 722 914 772 spargitur
946 732 1012 759 ara
1042 720 1158 758 deae.

223 789 266 819 65
286 780 389 819 Haec
422 782 530 831 prius
550 812 560 831 ,
592 786 635 818 ut
666 785 910 830 memorant,
942 790 1020 817 non
1052 777 1241 816 invidiosa
1272 776 1449 816 nefandis

286 839 365 877 Nec
397 838 587 889 cupienda
619 837 731 876 bonis
763 849 882 888 regna
913 836 1099 875 Thoantis
1131 842 1263 874 erant.

287 896 357 935 Hic
390 909 461 948 pro
494 897 694 948 supposita
725 897 832 945 virgo
863 894 1044 945 Pelopeia
1076 906 1189 932 cerva

288 954 405 993 Sacra
437 954 531 993 deae
563 954 683 993 coluit
715 953 1010 1004 qualiacumque
1043 964 1158 992 suae.

288 1013 372 1058 Quo
398 1019 603 1064 postquam
621 1044 632 1064 ‚
664 1011 826 1050 dubium
845 1041 855 1055 ,
887 1013 1048 1062 pius‘an
1075 1010 1314 1061 sceleratus,
1340 1009 1499 1049 Orestes

226 1079 268 1110 '70
290 1071 459 1109 Exactus
491 1072 603 1109 furiis
636 1076 793 1108 venerat
824 1071 907 1120 ipse
940 1070 1044 1120 suis,

288 1129 337 1167 Et
368 1141 499 1167 comes
532 1128 752 1178 exemplum
783 1129 865 1165 veri
896 1127 1074 1165 Phoceus
1106 1128 1271 1179 amoris,

289 1187 364 1232 Qui
395 1186 472 1225 duo
505 1186 734 1236 corporibus
753 1217 764 1237 ‚
796 1185 994 1224 mentibus
1027 1197 1127 1223 unus
1159 1180 1294 1235 erant,

288 1244 472 1283 Protinus
504 1245 647 1283 evincti
678 1245 830 1282 tristem
864 1244 1061 1281 ducuntur
1093 1242 1139 1280 ad
1171 1254 1299 1294 aram,

290 1303 396 1348 Quae
429 1301 555 1341 stabat
585 1303 758 1353 geminas
791 1307 877 1340 ante
911 1307 1073 1340 cruenta
1105 1301 1232 1338 fores.

226 1369 268 1400 75
289 1360 368 1399 Nec
400 1366 528 1399 tamen
561 1360 665 1399 hunc
703 1372 773 1398 sua
810 1372 943 1411 mors,
982 1371 1054 1398 nec
1091 1370 1196 1397 mors
1229 1370 1299 1396 sua
1330 1359 1472 1396 terruit

848 1418 979 1457 illum:

289 1478 396 1516 Alter
427 1477 476 1516 ob
509 1477 668 1516 alterius
700 1478 837 1515 funera
868 1482 1039 1514 maestus
1071 1481 1177 1514 erat.

291 1536 339 1574 Et
370 1537 446 1574 iam
477 1537 705 1574 constiterat
737 1536 873 1573 stricto
905 1545 1092 1572 mucrone
1124 1533 1330 1584 sacerdos,

291 1594 474 1632 Cinxerat
505 1600 544 1632 et
575 1593 708 1631 Graias
739 1591 902 1630 barbara
934 1594 1027 1630 vitta
1059 1604 1213 1642 comas,

291 1652 388 1690 Cum
419 1653 501 1690 vice
534 1652 726 1689 sermonis
758 1652 918 1689 fratrem
951 1651 1158 1701 cognovit,
1191 1655 1229 1687 et
1260 1648 1316 1687 illi

226 1719 270 1749 80
291 1710 366 1748 Pro
398 1721 494 1748 nece
526 1708 750 1760 complexus
782 1708 980 1759 Iphigenia
1012 1707 1140 1746 dedit.

289 1767 407 1806 Laeta
438 1767 531 1806 deae
564 1768 746 1817 signum,
782 1767 952 1805 crudelia
985 1778 1093 1804 sacra
1123 1777 1310 1817 perosae,

290 1825 504 1864 Transtulit
535 1838 581 1863 ex
613 1824 687 1863 illis
718 1826 759 1863 in
791 1825 950 1863 meliora
981 1824 1099 1863 locis.

290 1883 393 1922 Haec
425 1885 544 1934 igitur
575 1884 712 1934 regio,
744 1885 872 1934 magni
903 1895 1024 1934 paene
1056 1882 1190 1920 ultima
1221 1880 1378 1932 mundi,

292 1942 415 1988 Quam
447 1942 582 1992 sugere
613 1941 792 1979 homines
824 1941 970 1992 dique,
1002 1942 1219 1991 propinqua
1251 1939 1345 1977 mihi
1377 1944 1462 1990 est;

229 2008 272 2040 85
293 2002 419 2050 Atque
451 2011 575 2038 meam
607 2005 752 2037 terram
783 2011 905 2050 prope
938 2006 1029 2037 sunt
1061 1997 1239 2036 funebria
1272 2009 1404 2050 sacra,

294 2058 336 2096 Si
366 2057 480 2096 modo
511 2057 656 2096 Nasoni
687 2057 850 2095 barbara
881 2063 986 2095 terra
1019 2068 1088 2094 sua
1119 2062 1200 2095 est.

294 2116 324 2154 O
358 2117 504 2155 utinam
536 2117 668 2166 venti,
701 2114 844 2166 quibus
876 2120 935 2153 est
967 2114 1115 2153 ablatus
1147 2113 1331 2166 Orestes,

293 2173 446 2212 Placato
479 2174 652 2212 referant
683 2179 722 2212 et
753 2185 837 2224 mea
870 2172 950 2211 vela
983 2171 1077 2211 deo!
