1601 2484
196 51 248 92 13
748 46 971 78 TRISTIUM

312 158 418 203 Quae
451 155 565 195 simul
597 154 755 193 inducta
787 152 890 191 nube
923 158 1107 203 teguntur
1126 183 1137 203 ,
1168 151 1269 190 abit.

251 224 292 255 15
315 216 418 253 Haec
450 225 590 264 precor
623 219 666 250 ut
697 223 851 261 semper
883 213 1034 261 possint
1065 209 1135 248 tibi
1167 209 1259 247 falsa
1293 208 1438 260 videri3

313 274 412 311 Sunt
444 279 573 310 tamen
606 276 748 308 eventu
781 281 870 307 vera
902 268 1054 306 fatenda
1087 280 1195 306 meo.

312 332 410 369 Dum
445 331 624 367 stetimus
643 359 654 379 ,
686 326 824 365 turbae
860 333 1048 377 quantum
1080 327 1172 363 satis
1199 329 1333 376 esset,
1360 322 1530 362 habebat

312 389 410 426 Nota
444 387 630 437 quidem,
663 385 730 423 sed
764 397 841 422 non
874 384 1075 422 ambitiosa
1107 383 1269 421 domus.

313 447 362 484 At
394 445 508 484 simul
541 444 705 494 impulsa
738 449 827 493 est,
859 454 993 480 omnes
1025 444 1191 480 timuere
1223 442 1375 479 ruinam

249 513 293 544 20
315 504 512 554 Cautaque
546 503 742 540 communi
774 506 883 550 terga
915 500 1056 538 dedere
1089 500 1212 549 fugae.

316 563 434 601 Saeva
468 573 594 610 neque
629 560 798 597 admiror
830 564 1010 597 metuunt
1040 559 1073 595 si
1105 557 1264 595 fulmina
1288 588 1299 609 ‚
1332 568 1498 607 quorum

313 620 472 670 Ignibus
506 619 638 657 adflari
671 618 844 668 proxima
878 628 1054 667 quaeque
1087 615 1235 654 solent.

318 679 392 717 Sed
426 684 555 716 tamen
588 679 627 714 in
660 676 768 713 duris
800 680 1066 713 remanentem
1098 673 1216 711 rebus
1249 675 1415 712 amicum

315 735 536 782 Quamlibet
567 735 690 772 inviso
723 733 863 771 Caesar
895 734 933 770 in
960 732 1072 769 hoste
1105 731 1265 783 probat,

251 804 294 835 25
315 795 395 833 Nec
427 794 526 832 solet
557 794 701 843 irasci,
729 813 783 818 —
804 803 930 840 neque
958 791 1060 827 enim
1087 789 1324 828 moderatior
1356 789 1452 828 alter
1473 810 1528 816 —

316 853 411 891 Cum
445 854 531 902 quis
563 852 603 889 in
635 850 806 888 adversis
828 880 839 900 ‚
871 848 998 898 siquid
1031 849 1198 899 amavit,
1231 854 1353 886 amat.

316 911 370 949 De
403 911 543 948 comite
576 908 744 958 Argolici
776 913 982 958 postquam
1015 908 1194 956 cognovit
1226 906 1399 957 Orestis,

314 969 504 1007 Narratur
536 967 703 1018 Pyladen
736 967 818 1016 ipse
850 964 1036 1015 probasse
1069 964 1219 1002 Thoas.

318 1027 425 1072 Quae
457 1027 531 1064 suit
562 1025 766 1063 Actoridae
800 1035 888 1061 cum
922 1035 1058 1072 magno
1092 1034 1247 1072 semper
1278 1021 1449 1074 Achille,

252 1094 296 1125 30
316 1085 484 1123 Laudari
516 1083 627 1121 solita
660 1088 719 1120 est
750 1081 930 1119 Hectoris
963 1092 1029 1119 ore
1062 1080 1180 1119 fides.

316 1142 427 1188 Quod
459 1143 546 1192 pius
579 1141 624 1178 ad
658 1152 790 1178 manes
822 1139 997 1176 Theseus
1030 1150 1159 1176 comes
1191 1140 1266 1176 iret
1298 1140 1445 1190 amic0‚

316 1201 545 1239 Tartareum
579 1199 713 1236 dicunt
744 1197 955 1235 indoluisse
989 1196 1127 1234 deum.

316 1258 474 1309 Euryali
506 1257 665 1307 Nisique
699 1256 772 1294 fide
806 1255 904 1305 tibi,
937 1254 1098 1306 Turne,
1131 1253 1250 1292 relata

318 1316 511 1355 Credibile
545 1322 603 1353 est
635 1314 803 1353 lacrimis
835 1312 1071 1351 inmaduisse
1103 1324 1243 1363 genas.

254 1384 298 1415 35
320 1375 509 1413 Praestita
543 1385 631 1411 nam
663 1374 815 1411 miseris
848 1373 971 1422 pietas
1007 1377 1044 1409 et
1076 1372 1115 1408 in
1147 1370 1258 1409 hoste
1290 1370 1503 1421 probatur.

318 1433 363 1471 Ei
396 1433 518 1483 mihi,
552 1443 665 1482 quam
698 1442 842 1481 paucos
874 1429 969 1467 haec
1001 1441 1084 1467 mea
1116 1428 1217 1467 dicta
1249 1428 1427 1468 movent!

318 1491 354 1529 Is
386 1497 509 1529 status
530 1521 540 1540 ‚
572 1490 665 1527 llaec
697 1500 830 1526 rerum
862 1499 966 1525 nunc
998 1493 1057 1525 est
1088 1487 1243 1524 fortuna
1275 1499 1474 1540 mearum,

318 1549 464 1588 Debeat
495 1554 537 1586 ut
570 1547 739 1585 lacrImis
771 1545 901 1584 nullus
933 1545 1067 1583 adesse
1100 1545 1260 1583 modus.

319 1609 367 1646 At
397 1619 482 1645 mea
514 1612 634 1657 sunt,
665 1606 824 1655 proprio
857 1605 1030 1654 quamvis
1062 1605 1319 1642 maestissima
1351 1616 1468 1655 casu,

255 1674 298 1705 40
320 1666 482 1703 Pectora
515 1675 702 1715 processu
736 1664 834 1700 sacta
867 1674 1003 1699 serena
1036 1668 1125 1699 tuo.

320 1723 401 1762 Hoc
434 1735 504 1773 ego
537 1727 744 1760 venturum
777 1722 851 1758 iam
889 1726 996 1772 tum,
1038 1721 1235 1758 carissime
1255 1751 1265 1771 ‚
1299 1720 1398 1772 vidi,

320 1782 458 1820 Ferret
489 1780 614 1818 adhuc
645 1781 718 1817 ista
750 1791 838 1817 cum
871 1780 997 1816 minor
1029 1790 1121 1816 aura
1153 1784 1297 1817 ratem.

322 1840 410 1878 Sive
442 1838 597 1889 aliquod
630 1849 781 1876 morum
801 1869 811 1888 ‚
844 1849 912 1874 seu
944 1838 1042 1874 vitae
1075 1836 1158 1874 labe
1192 1838 1360 1875 carentis

320 1898 391 1936 Est
421 1900 619 1949 pretium,
652 1908 765 1934 nemo
798 1895 920 1945 pluris
952 1894 1139 1933 emendus
1172 1901 1278 1933 erat:

256 1966 299 1996 45
323 1957 410 1995 Sive
443 1968 512 2006 per
544 1957 732 2005 ingenuas
763 1953 901 2003 aliquis
934 1959 1049 2004 caput
1081 1952 1219 1991 extulit
1250 1960 1352 1992 artes
1381 1975 1432 1980 —

324 2014 527 2060 Quaelibet
559 2013 711 2063 eloquio
745 2012 787 2050 fit
818 2012 919 2050 bona
952 2023 1066 2050 causa
1097 2017 1187 2049 tuo.

323 2073 392 2111 His
425 2085 493 2123 ego
527 2077 743 2110 commotus
776 2071 853 2108 dixi
885 2070 955 2107 tibi
986 2070 1164 2120 protinus
1195 2071 1270 2120 ipsi

324 2129 487 2169 tScaena
519 2137 649 2168 manet
679 2129 789 2167 dotes
821 2128 1007 2179 grandis,
1040 2128 1160 2165 amice
1179 2159 1190 2179 ‚
1222 2133 1309 2166 tuas
1324 2124 1349 2166 .’

323 2190 427 2228 Haec
459 2189 553 2227 mihi
587 2200 663 2226 non
696 2189 823 2226 ovium
855 2186 974 2224 fibrae
1007 2187 1223 2224 tonitrusve
1257 2187 1430 2238 sinistri,

261 2258 303 2288 50
325 2248 518 2298 Linguave
551 2253 723 2286 servatae
755 2257 928 2298 pennave
961 2245 1056 2283 dixit
1088 2246 1190 2284 avis:
