1575 2489
174 128 258 169 294
705 128 961 160 FASTORUM

204 244 270 275 355
292 234 423 281 ‘Quod
455 235 553 273 bene
586 235 746 273 mutarit
777 234 908 273 sedem
939 231 1211 286 Berecyntia?
1243 235 1339 274 dixit

350 291 535 344 ‘Captant
566 294 723 331 mutatis
755 292 912 330 sedibus
944 304 1057 330 omen
1088 289 1235 331 idem.'

290 352 509 389 Institeram
529 381 539 401 ,
571 362 691 400 quare
723 351 838 400 primi
867 350 1098 401 Megalensia
1128 351 1210 389 ludi

348 408 452 447 Urbe
483 409 612 446 forent
647 414 810 446 nostra:
854 420 942 446 cum
980 407 1050 446 dea
1080 430 1126 435 —
1157 409 1280 447 sensit
1318 409 1419 447 enim
1452 431 1492 435 —

292 464 378 504 eIlla
409 463 521 504 deos'
555 467 681 516 inquit
713 462 913 516 epeperit.
970 477 1122 504 cessere
1154 468 1328 517 parenti,

204 534 270 564 360
348 524 666 574 Principiumque
699 523 777 562 dati
808 523 929 562 Mater
959 523 1118 562 honoris
1150 521 1310 563 habet.'

292 579 391 620 eCur
422 583 540 632 igitur
571 581 726 632 GaUOS,
759 583 825 632 qui
857 593 897 620 se
930 582 1109 620 excidere
1129 613 1139 633 ,
1171 594 1374 634 vocamUS‚

350 639 446 678 Cum
478 645 584 678 tanto
616 639 780 690 Phrygia
813 639 953 678 Gallica
985 640 1102 678 distet
1132 641 1273 679 humus
1287 638 1327 679 ‘?'

293 695 440 736 eInter'
473 699 525 736 ait
557 695 739 736 “viridem
772 697 939 748 Cybelen
972 698 1144 748 altasque
1178 698 1360 737 Celaenas

350 757 484 794 Amnis
516 757 546 793 it
576 757 709 793 insana
729 787 739 806 ,
772 757 926 794 nomine
959 755 1118 807 Gallus,
1151 768 1271 806 aqua.

205 822 271 854 365
293 813 367 859 Qui
398 813 496 852 bibit
527 813 645 865 inde,
678 814 800 852 furit:
842 813 980 864 procul
1010 814 1100 852 hinc
1137 814 1351 866 discedite,
1385 816 1470 866 quis

1015 877 1074 910 est

350 930 451 968 Cura
482 929 604 968 bonae
637 930 806 968 mentis:
853 931 919 980 qui
951 929 1047 968 bibit
1079 930 1168 968 inde
1187 961 1197 981 ,
1230 927 1367 969 furit.'

294 985 401 1026 ‘Non
432 988 550 1038 pudet
582 984 815 1026 herbosum'
849 987 927 1026 dixi
960 984 1158 1038 eposuisse
1190 994 1383 1026 moretum

350 1046 392 1083 In
425 1046 602 1084 dominae
635 1047 806 1083 mensis.
863 1057 910 1083 an
943 1058 1011 1084 sua
1043 1058 1156 1084 causa
1189 1043 1377 1085 subest‘P’

293 1101 429 1142 *Lacte
462 1115 568 1141 mero
602 1109 753 1141 veteres
784 1104 845 1141 usi
877 1109 1141 1142 memorantur
1173 1110 1211 1142 et
1242 1103 1396 1155 herbis,

205 1171 272 1202 370
353 1161 498 1211 Sponte
531 1173 598 1199 sua
631 1162 761 1211 siquas
794 1166 897 1198 terra
929 1158 1098 1199 serebat'
1131 1162 1206 1200 ait.

293 1217 509 1258 ‘Candidus
542 1219 657 1257 elisae
690 1220 876 1257 miscetur
908 1230 1044 1257 caseus
1076 1219 1242 1271 herbae,

352 1277 566 1328 Cognoscat
598 1278 747 1327 priscos
780 1282 823 1315 ut
855 1276 924 1315 dea
955 1279 1082 1327 prisca
1114 1274 1266 1316 cibos.'

625 1367 662 1408 5.
695 1366 732 1407 G
763 1366 897 1408 NON
922 1379 1051 1407 LVDI

292 1451 450 1489 Postera
483 1463 570 1489 cuin
604 1450 709 1489 caelo
742 1452 856 1489 motis
887 1450 1091 1489 Pallantias
1123 1452 1237 1490 astris

350 1509 548 1560 Fulscrit‚
581 1514 619 1547 et
650 1510 782 1547 niveos
813 1508 921 1547 Luna
952 1508 1088 1546 levarit
1120 1521 1262 1560 equos,

205 1575 272 1606 375
294 1567 369 1612 Qui
401 1567 503 1605 dicet
536 1564 752 1617 ‘quondam
785 1573 932 1604 sacrata
965 1572 1024 1604 est
1050 1565 1145 1605 colle
1179 1566 1331 1611 Quirini

350 1624 429 1663 Hac
462 1624 632 1663 Fortuna
665 1624 726 1662 die
758 1621 957 1674 Publica',
990 1636 1105 1662 verus
1138 1626 1232 1662 erit.

179 1716 214 1756 6.
240 1715 282 1756 Η
301 1713 361 1755 N³
381 1726 509 1756 LVDI
555 1715 590 1755 7.
617 1713 845 1755 ANLVDI
896 1714 1182 1756 S.BNLvD1
1221 1714 1501 1756 9.CN1,vn1

293 1798 423 1836 Tertia
454 1798 519 1836 lux
544 1819 590 1825 —-
615 1799 773 1836 memini
799 1819 841 1824 —
869 1797 970 1836 ludis
1003 1804 1113 1848 erat,
1146 1809 1189 1836 ac
1221 1798 1315 1836 mihi
1348 1798 1501 1849 quidam

355 1856 556 1907 Spectanti
588 1857 717 1894 senior
749 1857 1036 1907 continuusque
1068 1855 1152 1894 loco

296 1911 439 1953 ‘Haec'
473 1916 525 1952 ait
557 1911 639 1952 eilla
671 1914 754 1952 dies
773 1945 783 1965 ,
815 1913 969 1964 Libycis
1003 1925 1077 1964 qua
1109 1913 1249 1952 Caesar
1281 1915 1321 1952 in
1353 1915 1432 1952 oris

205 1981 273 2012 380
352 1972 503 2011 Perfida
536 1973 769 2023 magnanimi
801 1971 977 2010 contudit
1008 1983 1113 2010 arma
1144 1970 1283 2010 Iubae.

294 2030 378 2069 Dux
410 2030 504 2068 mihi
537 2030 676 2069 Caesar
709 2036 819 2081 erat,
853 2029 924 2068 sub
957 2041 1032 2079 quo
1064 2030 1254 2068 meruisse
1288 2028 1470 2068 tribunus

354 2088 536 2127 Glorior:
580 2088 706 2126 officio
738 2087 908 2138 praefuit
938 2087 1001 2126 ille
1033 2098 1142 2126 meo.

295 2146 402 2184 Hanc
434 2159 503 2197 ego
537 2146 670 2184 militia
703 2145 862 2198 sedem,
894 2151 936 2184 tu
968 2157 1062 2196 pace
1094 2146 1260 2196 parasti,

352 2204 459 2242 Inter
490 2204 550 2242 bis
583 2206 722 2255 quinos
755 2216 849 2242 usus
881 2203 1028 2241 honore
1063 2200 1216 2242 Viros.’

207 2270 274 2301 385
295 2262 412 2301 Plura
443 2262 613 2301 locuturi
645 2261 773 2301 subito
806 2261 1031 2300 seducimur
1062 2260 1210 2300 imbre.

352 2319 525 2359 Pendula
558 2320 735 2359 caelestis
767 2319 882 2358 Libra
915 2318 1092 2358 movebat
1123 2330 1268 2370 aquas.
