1575 2489
623 98 684 131 VI.
707 99 903 132 469—537.
1345 95 1428 136 347

275 206 496 245 Verticibus
529 205 639 244 densi
670 204 876 255 Thybridis
908 217 975 244 ora
1006 211 1166 243 tenent.

217 264 346 303 Lucus
378 270 490 316 erat,
522 264 682 303 dubium
716 263 888 301 Semelae
908 294 918 314 ,
952 263 1188 302 Stimulaene
1222 266 1406 301 vocetur:

275 322 478 361 Maenadas
509 323 700 360 Ausonias
731 321 940 360 incoluisse
973 322 1126 360 ferunt.

131 389 198 420 505
220 381 381 426 Quaerit
412 380 458 418 ab
490 379 550 418 his
582 379 650 418 Ino
669 410 679 430 ‚
713 392 810 430 quae
837 391 931 429 gens
964 381 1092 418 foret.
1143 378 1311 417 Arcadas
1344 389 1429 417 esse

275 438 420 490 Audit,
453 444 492 477 et
522 438 745 476 Evandrum
777 444 928 488 sceptra
961 444 1095 476 tenere
1128 437 1224 476 loci.

217 496 464 535 Dissimulata
496 496 606 534 deam
638 496 765 534 Latias
798 495 977 535 Saturnia
1010 495 1175 534 bacchas

276 554 494 593 Instimulat
525 555 625 592 fictis
656 554 841 592 insidiosa
873 556 1002 592 sonis:

218 609 270 651 ‘0
303 614 467 651 nimium
499 613 659 665 faciles,
691 625 712 650 o
745 618 826 651 toto
859 618 1018 663 pectore
1051 609 1207 662 captae!

132 678 198 710 510
276 670 361 709 Non
392 673 499 709 venit
530 671 625 709 haec
657 672 802 709 nostris
834 670 976 721 hospes
1009 672 1128 708 amica
1161 669 1312 708 choris.

217 728 370 768 Fraude
402 731 528 780 petit,
561 731 739 780 sacrique
770 735 880 779 parat
912 740 1148 779 cognoscere
1180 729 1322 765 ritum.

278 787 362 832 Quo
394 789 518 838 possit
549 799 693 837 poenas
725 787 895 838 pendere
915 818 925 838 ,
957 789 1097 837 pignus
1129 781 1290 824 habet.'

219 845 288 883 Vix
321 845 420 883 bene
453 846 650 896 desierat,
684 845 880 895 complent
910 844 1121 883 ululatibus
1154 855 1268 882 auras

276 903 496 955 Thyiades,
529 904 662 942 effusis
694 915 765 953 per
797 915 866 941 sua
899 902 995 941 colla
1027 903 1171 953 comis,

132 969 197 1000 515
218 961 466 1012 Iniciuntque
499 973 664 1010 manuS,
696 973 942 1010 puerumque
975 960 1162 998 revellere
1194 965 1390 1011 pugnant.

277 1020 382 1064 Quos
414 1021 566 1069 ignorat
598 1019 723 1057 adhuc
742 1049 752 1069 ‚
784 1020 938 1057 invocat
968 1018 1032 1056 illa
1065 1018 1178 1057 deos:

218 1074 363 1127 ‘Dique
394 1079 546 1128 virique
578 1077 683 1129 loci,
716 1079 879 1115 miserae
913 1078 1131 1116 succurrite
1164 1072 1322 1115 matril'

278 1135 431 1174 Clamor
462 1136 642 1174 Aventini
674 1148 764 1173 saxa
794 1137 1013 1186 propinqua
1045 1135 1157 1173 ferit.

218 1193 429 1245 Appulerat
459 1195 566 1244 ripae
598 1205 732 1232 vaccas
764 1193 932 1232 Oetaeus
964 1193 1152 1231 Hiberas:

131 1260 198 1291 520
280 1252 422 1304 Audit,
456 1259 494 1290 et
526 1251 572 1290 ad
603 1264 737 1290 vocem
770 1253 947 1290 concitus
979 1258 1094 1301 urget
1124 1253 1222 1290 iter.

221 1309 400 1349 Herculis
433 1310 599 1348 adventu
633 1322 731 1361 quae
763 1312 839 1348 vim
871 1309 985 1348 modo
1018 1311 1121 1348 serre
1154 1308 1363 1360 parabant,

278 1368 424 1419 Turpia
455 1369 644 1407 femineae
676 1374 786 1419 terga
818 1368 961 1406 dedere
993 1369 1129 1418 fugae.

220 1423 342 1472 ‘Quid
380 1428 482 1477 petis
516 1427 606 1465 hinc
627 1422 657 1478 ‚³
692 1448 734 1453 —
767 1435 954 1477 cognorat
991 1428 1094 1464 enim
1127 1447 1169 1452 —-—
1202 1422 1431 1464 ‘matertera

943 1482 1119 1523 Bacchi?

276 1544 334 1582 An
367 1556 510 1582 numen
544 1543 647 1594 quod
679 1556 741 1582 me
761 1574 770 1590 ,
803 1549 840 1582 te
875 1555 1030 1594 quoque
1063 1549 1175 1581 vexat
1193 1539 1234 1581 ‘?'
1268 1544 1342 1580 ait.

133 1608 200 1640 525
220 1601 286 1640 Illa
319 1602 432 1640 docet
463 1603 604 1653 partim
624 1633 634 1653 ,
666 1603 807 1652 partim
839 1602 1059 1652 praesentia
1092 1602 1172 1639 nati

279 1659 490 1712 Continet,
523 1666 561 1698 et
591 1660 703 1698 furiis
735 1662 775 1698 in
808 1659 936 1697 scelus
968 1661 1045 1697 isse
1077 1658 1223 1709 pudet.

219 1718 367 1756 Rumor
386 1750 397 1769 ‚
428 1724 472 1756 ut
505 1724 563 1756 est
594 1717 732 1768 velox,
765 1718 917 1769 agitatis
949 1717 1123 1768 pervolat
1155 1716 1247 1768 alis,

278 1775 426 1826 Estque
458 1777 644 1826 frequens
663 1807 675 1823 ‚
706 1776 774 1814 Ino
795 1807 806 1827 ,
837 1788 980 1814 nomen
1011 1777 1051 1813 in
1084 1788 1150 1813 ore
1182 1782 1316 1814 tuum.

219 1833 380 1885 Hospita
413 1833 630 1872 Carmentis
661 1834 758 1872 fidos
789 1836 956 1872 intrasse
988 1840 1148 1883 penates

133 1901 199 1933 530
278 1892 429 1931 Diceris
462 1898 500 1931 et
531 1892 685 1943 longam
717 1893 945 1943 deposuisse
978 1892 1141 1930 famem.

219 1950 313 1988 Liba
345 1963 414 1989 sua
445 1956 651 2001 properata
683 1962 799 1989 manu
831 1950 1005 2000 Tegeaea
1037 1950 1219 1988 sacerdos

278 2009 462 2048 Traditur
494 2011 534 2047 in
566 2008 694 2047 subito
727 2015 837 2047 cocta
869 2008 1022 2046 dedisse
1056 2009 1165 2047 foco.

218 2067 331 2105 Nunc
364 2080 519 2118 quoque
551 2067 627 2105 liba
658 2068 792 2105 iuvant
822 2068 932 2105 festis
964 2066 1190 2105 Matralibus
1221 2073 1307 2105 illa.

278 2125 438 2164 Rustica
470 2125 654 2164 sedulitas
687 2127 832 2176 gratior
864 2132 946 2164 arte
978 2126 1074 2164 fuit.

134 2191 200 2222 535
221 2180 354 2222 ‘Nunc
373 2181 404 2236 ‚²
438 2186 491 2223 ait
522 2181 565 2222 ‘o
598 2190 733 2235 vateS,
766 2184 960 2222 venientia
991 2184 1067 2222 sata
1099 2184 1276 2234 resigna,

279 2241 362 2286 Qua
392 2241 484 2281 licet
504 2273 512 2281 .
567 2242 747 2293 hospitiis
778 2242 851 2280 hoc
871 2273 881 2293 ‚
913 2254 1083 2293 precor,
1116 2241 1211 2280 adde
1245 2238 1386 2279 meis?

220 2299 341 2338 Parva
372 2312 482 2339 mora
515 2307 602 2353 est,
635 2300 785 2339 caelum
818 2306 922 2339 vates
956 2312 999 2339 ac
1033 2301 1190 2338 numina
1224 2302 1364 2352 sumit,
