1575 2489
575 65 603 95 1.
630 65 824 96 eoo-663.
1278 62 1359 103 231

65 180 132 212 635
152 172 281 210 Altera
313 170 415 221 quod
446 182 563 220 porro
595 170 721 208 fuerat
739 201 749 220 ,
782 170 970 208 cecinisse
1002 175 1187 222 putatur,

209 228 367 279 Altera,
399 240 603 267 versurum
635 228 838 279 postmodo
871 227 1060 278 quidquid
1092 233 1197 267 erat.

614 318 677 359 16.
708 316 792 360 ΗΟ

151 402 348 453 Candida,
381 407 418 440 te
450 402 562 439 niveo
594 403 725 452 posuit
756 401 821 439 lux
852 403 1028 452 proxima
1060 400 1228 452 templo,

209 460 291 504 Qua
323 460 399 497 fert
431 459 616 497 sublimes
648 458 722 497 alta
753 459 907 498 Moneta
939 459 1105 511 gradus3

149 518 261 556 Nunc
292 517 391 556 bene
423 518 638 568 prospicies
669 516 818 555 Latiam
837 548 847 568 ‚
879 516 1123 565 Concordia,
1156 515 1336 556 turbam:

63 585 130 615 640
209 575 321 614 Nunc
353 581 390 613 te
423 580 595 613 sacratae
628 577 866 613 constituere
899 587 1058 614 manus.

151 633 292 672 Furius
325 634 523 683 amiquam
543 664 553 683 ,
584 632 718 684 populi
750 639 954 684 superator
986 632 1168 685 Etrusci,

207 691 400 742 Voverat,
432 697 471 730 et
500 692 580 729 voti
611 690 778 729 solverat
808 691 871 729 ille
904 690 1041 729 fidem.

153 749 275 788 Causa
294 781 304 800 ‚
337 748 439 800 quod
472 761 492 786 a
523 748 699 800 patribus
732 750 896 799 sumptis
929 754 1146 787 secesserat
1177 748 1294 786 armis

209 807 380 859 Volgus,
413 814 452 845 et
482 808 565 857 ipsa
598 818 686 845 suas
718 806 838 844 Roma
871 805 1031 844 timebat
1063 817 1175 856 opes.

62 873 129 904 645
151 865 275 904 Causa
306 877 444 903 recens
476 864 636 903 melior:
678 875 812 915 passos
845 863 1051 902 Germania
1083 865 1212 902 crines

208 923 377 973 Corrigit
408 923 590 973 auspiciis
608 952 619 972 ‚
652 921 729 960 dux
761 922 979 960 venerande
999 953 1010 973 ,
1041 923 1141 960 tuis.

151 980 244 1019 Inde
277 979 537 1030 triumphatae
569 979 698 1018 libasti
729 991 892 1018 munera
923 981 1073 1031 gentis,

207 1038 445 1089 Templaque
478 1038 635 1090 fecisti,
667 1049 783 1088 quam
814 1037 909 1076 colis
940 1039 1022 1088 ipse
1042 1069 1052 1089 ‚
1085 1037 1202 1075 deae.

148 1096 251 1135 Haec
285 1102 349 1134 tua
382 1097 584 1134 constituit
616 1097 794 1146 genetrix
827 1101 865 1134 et
895 1095 1014 1134 rebus
1047 1102 1085 1134 et
1117 1107 1207 1147 ara,

61 1163 129 1193 550
206 1154 293 1192 Sola
326 1160 411 1192 toro
443 1155 572 1204 magni
603 1154 716 1204 digna
749 1159 904 1204 reperta
936 1153 1058 1192 Iovis.

253 1245 318 1286 17.
342 1242 430 1285 ΑΟ
495 1244 559 1285 18.
592 1241 670 1284 ΒΟ
736 1245 798 1285 19.
832 1242 905 1285 ΟΟ
967 1244 1033 1285 20.
1066 1242 1147 1285 DC

370 1302 436 1342 21.
469 1300 547 1343 EC
608 1301 675 1342 22.
706 1300 782 1343 FO
842 1302 910 1343 23.
943 1301 1019 1344 GC

150 1385 254 1423 Haec
286 1385 354 1424 ubi
385 1386 641 1436 transierint,
675 1385 911 1436 Capricorno
930 1417 940 1437 ,
972 1385 1128 1424 Phoebe
1147 1417 1158 1438 ‚
1189 1384 1326 1424 relicto

207 1442 282 1481 Per
313 1445 464 1481 iuvenis
497 1454 633 1481 curres
666 1444 775 1492 signa
807 1445 978 1494 gerentis
1011 1455 1172 1495 aquam.

150 1500 348 1551 Septimus
379 1501 470 1539 hinc
502 1501 632 1538 oriens
664 1513 753 1539 cum
786 1513 826 1540 se
860 1501 1061 1540 demiserit
1092 1501 1229 1553 undis,

209 1558 389 1609 Fulgebit
420 1563 501 1596 toto
533 1559 609 1596 iam
640 1557 740 1609 Lyra
771 1559 876 1598 nulla
906 1559 1019 1610 polo.

65 1624 131 1655 655
154 1615 289 1655 Sidere
321 1616 368 1655 ab
399 1616 473 1655 hoc
504 1617 603 1667 ignis
636 1618 806 1656 venienti
837 1624 951 1656 nocte
982 1617 1125 1657 Leonis

209 1674 285 1719 Qui
316 1676 432 1714 micat
462 1675 503 1712 in
534 1674 661 1713 medio
694 1680 853 1726 pectore
872 1706 884 1727 ,
916 1688 1069 1715 mersus
1101 1677 1197 1715 erit.

364 1764 432 1805 24.
463 1763 546 1806 ΗΟ
608 1764 675 1806 25.
708 1764 788 1807 ΑΟ
843 1766 916 1808 26.
948 1765 1026 1808 ΒΟ

149 1848 227 1886 Ter
260 1854 397 1898 quater
429 1847 552 1886 evolvi
585 1849 783 1898 signantes
814 1854 991 1900 tempora
1023 1851 1166 1902 fastos,

209 1905 288 1944 Nec
322 1905 547 1945 Sementiua
579 1911 638 1944 est
670 1906 746 1944 ulla
778 1914 933 1958 reperta
966 1908 1071 1947 dies:

149 1963 246 2003 Cum
277 1963 372 2002 mihi
395 1984 443 1992 —
474 1965 596 2003 sensit
629 1965 732 2002 enim
758 1986 801 1991 -
835 1962 920 2003 ‘lux
953 1965 1047 2005 haec
1079 1962 1311 2019 indicitur,’

872 2025 999 2074 inquit

63 2085 130 2118 660
209 2079 318 2119 Musa
350 2076 466 2131 ‘quid
499 2092 519 2118 a
550 2080 659 2119 fastis
691 2093 769 2119 non
802 2086 900 2120 stata
932 2093 1041 2120 sacra
1072 2084 1173 2133 petis
1186 2079 1228 2122 ’θ’

149 2137 275 2188 thue
308 2138 389 2176 dies
421 2140 569 2177 incerta
602 2150 711 2177 sacro
731 2170 741 2190 ‚
775 2140 829 2178 sic
861 2145 1036 2191 tempora
1068 2147 1197 2193 certa,

208 2195 428 2234 Seminibus
459 2198 570 2235 iactis
603 2203 662 2235 est
693 2197 761 2235 uhi
793 2197 894 2236 fetus
927 2210 1040 2249 ager.

150 2252 255 2292 State
287 2255 461 2293 coronati
491 2254 648 2306 plenum
682 2255 728 2293 ad
760 2268 970 2307 praesaepe
1002 2258 1180 2297 iuvenci:
