1575 2489
154 44 239 85 292
684 47 935 80 FASTORL'M

330 153 489 204 Quaque
521 154 713 204 Carysteis
745 154 936 204 frangitur
968 154 1071 193 unda
1103 155 1229 194 vadis.

272 211 446 262 [Transit
477 218 515 249 et
546 211 740 263 Icarium,
772 211 897 262 lapsas
930 211 998 250 ubi
1028 213 1196 263 perdidit
1227 213 1303 251 alas

315 269 489 319 icarus,
523 276 560 307 et
590 274 717 307 vastae
750 270 905 307 nomina
938 269 1028 308 fecit
1060 283 1179 321 aquae
1196 270 1222 320 .]

185 335 250 366 285
272 327 371 365 Tum
402 327 506 365 laeva
538 326 707 378 Creten,
740 326 874 365 dextra
904 326 1128 378 Pelopeidas
1160 328 1282 367 undas
1405 336 1478 369 (126)

330 384 510 435 Deserit,
544 390 582 423 et
612 384 771 423 Veneris
805 396 913 423 sacra
946 385 1111 436 Cythera
1142 389 1261 437 petit.

272 442 369 481 Hinc
401 454 505 480 mare
532 442 805 494 Trinacrium,
838 443 1006 482 candens
1033 443 1099 483 ubi
1128 446 1305 494 tinguere
1331 445 1479 483 ferrum

330 500 494 539 Brontes
528 506 566 538 et
599 500 782 551 Steropes
814 501 1124 553 Acmonidesque
1157 502 1302 553 solent,

272 559 527 609 Aequoraque
560 558 651 597 Afra
682 558 801 610 legit,
835 558 1056 610 Sardoaque
1089 573 1207 611 regna
1239 562 1408 599 sinistris

185 625 251 656 290
329 616 503 667 Respicit
534 629 553 654 a
586 618 732 668 remis,
764 617 1050 668 Ausoniamque
1082 624 1209 657 tenet.

273 674 379 713 Ostia
412 676 653 727 contigerat,
687 687 761 725 qua
793 687 834 713 se
866 674 1073 715 Tiberinus
1104 678 1144 714 in
1176 676 1294 716 altum

330 732 472 772 Dividit
505 738 542 771 et
574 745 708 783 campo
741 732 921 772 liberiore
954 740 1084 773 natat:

273 790 407 829 Omnis
440 804 558 842 eques
591 793 785 842 mixtaque
818 793 944 842 gravis
977 804 1064 831 cum
1096 792 1207 843 plebe
1241 798 1398 831 senatus

331 849 475 888 Obvius
507 849 553 887 ad
586 849 704 888 Tusci
734 849 905 888 fluminis
938 862 1004 888 ora
1036 852 1161 889 venit.

184 915 250 945 295
272 907 494 946 Procedunt
525 909 670 958 pariter
701 913 844 946 matres
877 914 1063 959 nataeque
1097 920 1298 960 nurusque

331 965 514 1016 Quaeque
547 966 679 1004 colunt
711 972 865 1004 sanctos
897 968 1114 1017 virginitate
1148 967 1278 1005 focos.

272 1023 412 1061 Sedula
445 1024 536 1062 fune
568 1025 640 1062 viri
671 1029 852 1062 contento
885 1024 1041 1063 brachia
1073 1024 1239 1063 lassant:

330 1081 399 1119 Vix
431 1081 535 1120 subit
567 1081 745 1120 adversas
777 1082 930 1132 hospita
961 1084 1066 1121 navis
1099 1094 1239 1133 aquas.

272 1139 380 1177 Sicca
413 1139 478 1177 diu
511 1140 636 1177 fuerat
667 1139 781 1178 tellus
800 1171 810 1191 ,
843 1141 926 1178 sitis
958 1146 1109 1178 usserat
1140 1140 1303 1179 herbas:

184 1205 251 1236 300
332 1197 439 1235 Sedit
469 1197 605 1235 limoso
638 1209 771 1248 pressa
804 1199 933 1236 carina
967 1197 1083 1237 vado.

273 1256 457 1305 Quisquis
489 1255 597 1294 adest
629 1257 766 1306 operi,
798 1256 885 1306 plus
919 1268 1032 1306 quam
1065 1268 1134 1306 pro
1168 1261 1276 1306 parte
1308 1255 1480 1308 laborat,

329 1313 492 1352 Adiuvat
524 1319 561 1352 et
594 1314 705 1352 fortis
737 1326 830 1352 voce
864 1320 1023 1353 sonante
1057 1326 1216 1353 manus.

271 1371 336 1409 llla
369 1371 473 1410 velut
506 1371 630 1410 medio
663 1371 811 1410 stabilis
843 1372 953 1410 sedet
984 1372 1108 1411 insula
1139 1378 1280 1423 ponto.

329 1430 492 1468 Attoniti
524 1435 698 1468 monstro
731 1435 911 1481 stantque
943 1437 1160 1481 paventque
1193 1432 1285 1469 viri.

183 1496 249 1526 305
272 1487 428 1526 Claudia
461 1488 603 1533 Quinta
635 1500 757 1539 genus
790 1488 926 1526 Clauso
960 1488 1153 1527 referebat
1185 1488 1230 1527 ab
1263 1488 1361 1540 alto,

328 1545 407 1584 Nec
440 1546 557 1584 facies
588 1548 713 1596 impar
745 1545 944 1584 nobilitate
977 1547 1072 1585 fuit:

270 1603 382 1642 Casta
415 1604 600 1654 quidem,
638 1604 705 1642 sed
739 1615 816 1642 non
853 1610 892 1642 et
923 1604 1069 1643 credita
1090 1635 1098 1643 .
1154 1616 1289 1642 rumor
1322 1605 1480 1655 iniquus

328 1662 538 1713 Laeserat,
571 1668 609 1700 et
640 1661 726 1700 salsi
757 1663 929 1700 criminis
962 1668 1045 1701 acta
1077 1675 1142 1701 rea
1175 1668 1255 1700 est..

271 1719 406 1758 Cultus
439 1726 476 1758 et
508 1721 652 1758 ornatis
686 1722 788 1758 varie
821 1719 997 1771 prodisse
1030 1720 1176 1771 capillis

182 1786 248 1817 310
328 1777 489 1828 Obfuit,
522 1778 567 1816 ad
600 1778 745 1828 rigidos
777 1784 1032 1829 promptaque
1064 1778 1194 1829 lingua
1225 1790 1361 1817 senes.

270 1835 432 1874 Conscia
463 1848 572 1874 mens
605 1837 703 1874 recti
735 1836 855 1874 famae
888 1836 1087 1874 mendacia
1118 1837 1227 1875 risit:

329 1893 404 1932 Sed
437 1906 506 1932 nos
537 1895 576 1932 in
608 1895 744 1933 vitium
777 1894 933 1933 credula
965 1894 1079 1933 turba
1111 1906 1267 1933 sumus.

269 1951 371 1990 Haec
403 1951 471 1990 uhi
503 1957 696 1990 castarum
728 1954 919 2003 processit
951 1952 996 1990 ab
1029 1954 1179 2002 agmine
1211 1956 1403 2002 matrum,

327 2009 376 2048 Et
408 2009 584 2048 manibus
617 2022 755 2060 puram
787 2010 956 2049 ssumims
989 2010 1116 2049 hausit
1148 2022 1307 2061 aquam,

181 2075 247 2106 315
269 2067 344 2106 Ter
377 2074 493 2118 caput
523 2070 700 2118 inrorat,
733 2074 792 2107 ter
824 2068 922 2106 tollit
953 2070 993 2106 in
1025 2067 1180 2106 aethera
1211 2068 1381 2120 palmas,
1412 2090 1458 2095 —-

330 2125 572 2177 Quicumque
606 2128 828 2178 aspiciunt,
859 2131 988 2165 mente
1021 2138 1154 2164 carere
1186 2132 1324 2176 putant
1356 2149 1396 2153 —

271 2183 564 2235 Summissoque
597 2196 699 2235 genu
732 2184 857 2223 voltus
889 2186 928 2222 in
960 2186 1126 2235 imagine
1162 2184 1270 2223 divae

328 2241 427 2292 Figit
447 2273 457 2293 ,
490 2249 527 2281 et
559 2242 629 2281 hos
663 2243 742 2281 edit
774 2244 880 2281 crine
914 2243 1061 2281 iacente
1095 2254 1232 2281 sonos:
