1575 2489
179 95 263 136 20ss
714 94 779 126 EX
803 93 960 126 PONTo

295 203 427 253 Teque
454 213 587 240 canam
613 212 857 251 quacumque
883 207 973 240 nota
993 231 1001 239 .
1050 201 1121 239 tibi
1153 202 1322 239 carmina
1354 202 1500 239 mittam

232 270 275 301 20
353 261 479 298 Paene
510 259 605 297 mihi
635 271 757 309 puero
791 260 943 309 cognite
974 271 1096 309 paene
1127 271 1247 309 puer,

293 318 445 369 Perque
483 322 541 355 tot
577 328 768 355 annorum
806 318 975 368 seriem,
1014 322 1108 367 quot
1143 316 1330 355 habemus

1016 381 1181 425 uterque
1193 406 1204 426 ,
1428 383 1501 415 (136)

351 432 436 471 Non
468 432 592 483 mihi,
625 444 741 483 quam
772 433 882 471 fratri
914 433 1062 484 frater,
1095 439 1218 471 amate
1251 434 1400 471 minus.

293 491 349 529 Tu
383 490 509 529 honus
541 490 745 541 hortator,
776 496 818 528 tu
851 490 1006 541 duxque
1039 502 1245 541 comesque
1278 491 1407 542 fuisti,

352 548 448 586 Cum
480 559 658 598 regerem
689 554 823 586 tenera
855 548 964 586 frena
995 549 1143 586 novella
1175 560 1313 587 manu.

230 614 272 645 25
294 605 415 656 Saepe
448 618 519 656 ego
552 607 705 644 correxi
736 605 809 644 sub
841 611 878 644 te
911 618 1072 645 censore
1105 606 1276 644 libellos:

353 664 474 715 Saepe
506 663 577 702 tibi
609 664 807 702 admonitu
840 664 939 702 facta
970 664 1085 703 litura
1116 676 1202 702 meo
1235 669 1316 715 est,

291 722 451 773 Dignam
483 722 668 760 Maeoniis
699 722 912 760 Phaeacida
943 722 1110 760 condere
1143 722 1286 760 chartis

351 780 448 819 Cum
478 786 517 818 te
548 780 723 818 Pierides
755 780 997 830 perdocuere
1029 786 1140 819 tuae.

292 838 363 876 Hic
394 844 507 877 tenor
526 868 537 888 ,
568 838 663 876 haec
694 838 808 876 viridi
841 839 1048 877 concordia
1080 843 1215 888 coepta
1246 839 1401 876 iuventa

228 905 271 935 30
351 895 464 934 Venit
496 896 542 934 ad
574 896 748 934 albentes
779 896 1008 935 inlabefacta
1040 908 1191 935 comas,

292 954 397 999 Quae
430 955 505 992 nisi
536 960 574 992 te
605 960 814 1005 moveant,
846 955 943 992 duro
975 954 1046 992 tibi
1076 960 1235 1004 pectora
1267 954 1370 992 ferro

349 1011 444 1050 Esse
464 1044 474 1063 ,
506 1012 566 1050 vel
596 1014 738 1050 invicto
772 1012 899 1050 clausa
932 1013 1131 1050 adamante
1162 1018 1318 1063 putem.

292 1069 366 1108 Sed
398 1072 508 1119 prius
540 1070 631 1108 huic
663 1071 791 1108 desint
823 1077 861 1108 et
892 1070 1036 1108 bellum
1069 1076 1107 1108 et
1138 1070 1282 1120 frigora
1313 1075 1464 1121 terrae,

348 1127 500 1165 Invisus
532 1127 644 1165 nobis
677 1140 774 1178 quae
807 1128 883 1166 duo
914 1128 1062 1166 Pontus
1094 1127 1232 1178 habet,

227 1194 269 1224 35
290 1185 339 1224 Et
369 1185 524 1236 tepidus
556 1185 694 1223 boreas
726 1191 764 1223 et
796 1187 845 1223 sit
876 1185 1135 1236 praefrigidus
1168 1192 1325 1237 auster,

348 1243 398 1281 Et
429 1245 552 1293 possit
583 1244 704 1282 fatum
735 1243 888 1282 mollius
921 1255 1005 1282 esse
1037 1255 1191 1295 meum3

290 1301 412 1346 Quam
444 1309 509 1340 tua
541 1303 618 1340 sint
650 1302 756 1351 lapso
788 1302 1015 1352 praecordia
1047 1301 1143 1340 dura
1175 1301 1318 1341 sodali.

349 1359 418 1398 Hic
452 1360 632 1398 cumulus
664 1361 809 1398 nostris
842 1360 941 1398 absit
974 1359 1159 1410 abestque
1192 1359 1323 1398 malis.

289 1418 347 1456 Tu
379 1417 492 1456 modo
524 1430 595 1468 per
627 1430 789 1468 superos
808 1449 818 1469 ,
852 1430 1019 1469 quorum
1051 1419 1292 1456 certissimus
1323 1417 1386 1456 ille
1420 1424 1497 1469 est,

227 1484 269 1514 4¹]
349 1476 433 1521 Quo
466 1482 557 1515 tuus
590 1477 742 1514 assidue
774 1478 951 1527 principe
984 1477 1105 1514 crevit
1135 1476 1282 1523 honor,

289 1533 409 1572 Effice
443 1536 635 1572 constanti
665 1534 877 1585 profugum·
906 1536 1047 1584 pietate
1080 1534 1249 1585 tuende,

347 1591 403 1630 Ne
437 1599 589 1642 sperata
620 1604 744 1630 meam
776 1592 929 1630 deserat
961 1604 1052 1630 aura
1084 1597 1229 1630 ratem.

291 1649 390 1695 Quid
423 1650 599 1688 mandem
618 1681 628 1701 ,
661 1652 815 1700 quaeris
835 1648 856 1689 ἶ)
896 1662 1080 1702 peream,
1113 1652 1188 1688 nisi
1219 1650 1349 1689 dicere

1011 1710 1072 1746 vix
1104 1714 1163 1746 est
1195 1730 1238 1734 —
1423 1717 1496 1750 (137)

348 1765 389 1804 Si
420 1766 533 1805 modo
553 1797 564 1818 ,
597 1768 663 1817 qui
695 1768 839 1818 periit,
871 1766 934 1804 ille
966 1768 1095 1817 perire
1127 1772 1277 1817 potest.

225 1832 267 1862 45
289 1823 392 1875 Nec,
419 1825 510 1875 quid
537 1837 668 1876 agam,
701 1826 879 1876 invenio,
905 1837 976 1862 nec
1003 1824 1095 1875 quid
1122 1824 1287 1863 nolimve
1314 1824 1495 1877 velimvc,

346 1882 426 1921 Nec
458 1884 550 1921 satis
582 1883 728 1921 utilitas
762 1889 820 1921 est
852 1883 945 1921 mihi
978 1888 1067 1921 nota
1100 1894 1204 1921 mea.

289 1940 411 1978 Crede
442 1941 537 1979 mihi
555 1973 566 1993 ,
598 1942 761 1979 miseros
793 1941 998 1992 prudentia
1029 1942 1152 1991 prima
1185 1940 1392 1993 relinquit,

345 1998 395 2037 Et
426 2011 565 2038 sensus
598 2011 687 2038 cum
717 2011 760 2037 re
793 1999 1075 2050 consiliumque
1108 1999 1228 2049 fugit.

287 2057 397 2109 Ipse,
428 2069 593 2109 precor,
620 2069 804 2109 quaeraS,
837 2069 910 2107 qua
943 2058 1015 2095 sim
1047 2056 1117 2095 tibi
1143 2063 1250 2107 parte
1283 2057 1494 2103 iuvandus,

223 2124 266 2154 50
348 2115 510 2167 Quoque
543 2117 642 2154 viam
674 2116 790 2154 facias
821 2115 868 2153 ad
900 2127 983 2153 mea
1016 2122 1100 2154 vota
1136 2115 1249 2153 vado.
