<?xml version="1.0" encoding="UTF-8"?>
<!DOCTYPE html PUBLIC "-//W3C//DTD XHTML 1.0 Transitional//EN"
    "http://www.w3.org/TR/xhtml1/DTD/xhtml1-transitional.dtd">
<html xmlns="http://www.w3.org/1999/xhtml" xml:lang="en" lang="en">
 <head>
  <title>
</title>
<meta http-equiv="Content-Type" content="text/html;charset=utf-8" />
  <meta name='ocr-system' content='tesseract 3.04.00' />
  <meta name='ocr-capabilities' content='ocr_page ocr_carea ocr_par ocr_line ocrx_word'/>
</head>
<body>
  <div class='ocr_page' id='page_1' title='image "./operaovid01oviduoft_0375.png"; bbox 0 0 1575 2489; ppageno 0'>
   <div class='ocr_carea' id='block_1_1' title="bbox 574 24 1374 66">
    <p class='ocr_par' dir='ltr' id='par_1_1' title="bbox 574 24 1374 66">
     <span class='ocr_line' id='line_1_1' title="bbox 574 24 1374 66; baseline 0.008 -6"><span class='ocrx_word' id='word_1_1' title='bbox 574 29 614 61; x_wconf 82' lang='lat' dir='ltr'><strong>v.</strong></span> <span class='ocrx_word' id='word_1_2' title='bbox 643 30 835 61; x_wconf 76' lang='lat'>517-587.</span> <span class='ocrx_word' id='word_1_3' title='bbox 1292 24 1374 66; x_wconf 78' lang='lat'><strong>327</strong></span> 
     </span>
    </p>
   </div>
   <div class='ocr_carea' id='block_1_2' title="bbox 72 134 1343 2292">
    <p class='ocr_par' dir='ltr' id='par_1_2' title="bbox 72 134 1343 2292">
     <span class='ocr_line' id='line_1_2' title="bbox 160 134 1161 187; baseline -0.005 -10"><span class='ocrx_word' id='word_1_4' title='bbox 160 138 270 177; x_wconf 84' lang='lat' dir='ltr'>Ultor</span> <span class='ocrx_word' id='word_1_5' title='bbox 303 138 348 176; x_wconf 90' lang='lat' dir='ltr'><strong>ad</strong></span> <span class='ocrx_word' id='word_1_6' title='bbox 380 138 463 187; x_wconf 87' lang='lat' dir='ltr'><strong>ipse</strong></span> <span class='ocrx_word' id='word_1_7' title='bbox 497 149 588 175; x_wconf 91' lang='lat' dir='ltr'><strong>suos</strong></span> <span class='ocrx_word' id='word_1_8' title='bbox 621 135 726 175; x_wconf 87' lang='lat' dir='ltr'><strong>caelo</strong></span> <span class='ocrx_word' id='word_1_9' title='bbox 759 134 961 174; x_wconf 86' lang='lat' dir='ltr'><strong>descendit</strong></span> <span class='ocrx_word' id='word_1_10' title='bbox 992 134 1161 173; x_wconf 78' lang='lat' dir='ltr'>honores</span> 
     </span>
     <span class='ocr_line' id='line_1_3' title="bbox 220 192 1182 246; baseline -0.002 -12"><span class='ocrx_word' id='word_1_11' title='bbox 220 195 457 246; x_wconf 90' lang='lat' dir='ltr'><strong>Templaque</strong></span> <span class='ocrx_word' id='word_1_12' title='bbox 489 197 528 233; x_wconf 90' lang='lat' dir='ltr'><strong>in</strong></span> <span class='ocrx_word' id='word_1_13' title='bbox 561 195 734 246; x_wconf 84' lang='lat' dir='ltr'><strong>Augusto</strong></span> <span class='ocrx_word' id='word_1_14' title='bbox 768 192 1042 244; x_wconf 88' lang='lat' dir='ltr'><strong>conspicienda</strong></span> <span class='ocrx_word' id='word_1_15' title='bbox 1074 193 1182 232; x_wconf 85' lang='lat' dir='ltr'><strong>foro.</strong></span> 
     </span>
     <span class='ocr_line' id='line_1_4' title="bbox 160 250 1238 304; baseline -0.004 -11"><span class='ocrx_word' id='word_1_16' title='bbox 160 254 209 293; x_wconf 86' lang='lat' dir='ltr'><strong>Et</strong></span> <span class='ocrx_word' id='word_1_17' title='bbox 241 254 336 293; x_wconf 85' lang='lat' dir='ltr'><strong>deus</strong></span> <span class='ocrx_word' id='word_1_18' title='bbox 370 259 429 292; x_wconf 87' lang='lat' dir='ltr'><strong>est</strong></span> <span class='ocrx_word' id='word_1_19' title='bbox 460 255 598 304; x_wconf 85' lang='lat' dir='ltr'><strong>ingens</strong></span> <span class='ocrx_word' id='word_1_20' title='bbox 625 259 661 292; x_wconf 88' lang='lat' dir='ltr'><strong>et</strong></span> <span class='ocrx_word' id='word_1_21' title='bbox 694 264 814 303; x_wconf 86' lang='lat' dir='ltr'><strong>opus.</strong></span> <span class='ocrx_word' id='word_1_22' title='bbox 872 250 1037 290; x_wconf 87' lang='lat' dir='ltr'><strong>debebat</strong></span> <span class='ocrx_word' id='word_1_23' title='bbox 1069 252 1108 289; x_wconf 89' lang='lat' dir='ltr'><strong>in</strong></span> <span class='ocrx_word' id='word_1_24' title='bbox 1141 250 1238 290; x_wconf 88' lang='lat' dir='ltr'><strong>urhe</strong></span> 
     </span>
     <span class='ocr_line' id='line_1_5' title="bbox 219 310 1016 351; baseline -0.005 0"><span class='ocrx_word' id='word_1_25' title='bbox 219 312 304 351; x_wconf 91' lang='lat' dir='ltr'><strong>Non</strong></span> <span class='ocrx_word' id='word_1_26' title='bbox 337 311 449 351; x_wconf 92' lang='lat' dir='ltr'><strong>aliter</strong></span> <span class='ocrx_word' id='word_1_27' title='bbox 481 313 562 350; x_wconf 86' lang='lat' dir='ltr'><strong>nati</strong></span> <span class='ocrx_word' id='word_1_28' title='bbox 591 311 693 350; x_wconf 84' lang='lat' dir='ltr'><strong>Mars</strong></span> <span class='ocrx_word' id='word_1_29' title='bbox 724 310 898 349; x_wconf 86' lang='lat' dir='ltr'><strong>habitare</strong></span> <span class='ocrx_word' id='word_1_30' title='bbox 932 311 1016 348; x_wconf 91' lang='lat' dir='ltr'><strong>sui.</strong></span> 
     </span>
     <span class='ocr_line' id='line_1_6' title="bbox 72 367 1182 421; baseline -0.002 -12"><span class='ocrx_word' id='word_1_31' title='bbox 72 379 141 410; x_wconf 80' lang='lat'><strong>555</strong></span> <span class='ocrx_word' id='word_1_32' title='bbox 163 371 284 421; x_wconf 83' lang='lat' dir='ltr'>Digna</span> <span class='ocrx_word' id='word_1_33' title='bbox 317 370 515 421; x_wconf 80' lang='lat' dir='ltr'>Giganteis</span> <span class='ocrx_word' id='word_1_34' title='bbox 546 370 641 408; x_wconf 90' lang='lat' dir='ltr'><strong>haec</strong></span> <span class='ocrx_word' id='word_1_35' title='bbox 674 375 765 408; x_wconf 90' lang='lat' dir='ltr'><strong>sunt</strong></span> <span class='ocrx_word' id='word_1_36' title='bbox 797 367 957 407; x_wconf 88' lang='lat' dir='ltr'><strong>delubra</strong></span> <span class='ocrx_word' id='word_1_37' title='bbox 989 369 1182 418; x_wconf 90' lang='lat' dir='ltr'><strong>tropaeis:</strong></span> 
     </span>
     <span class='ocr_line' id='line_1_7' title="bbox 220 426 1158 468; baseline -0.003 -1"><span class='ocrx_word' id='word_1_38' title='bbox 220 429 319 468; x_wconf 91' lang='lat' dir='ltr'><strong>Hinc</strong></span> <span class='ocrx_word' id='word_1_39' title='bbox 351 429 433 467; x_wconf 83' lang='lat' dir='ltr'><strong>sera</strong></span> <span class='ocrx_word' id='word_1_40' title='bbox 465 428 674 467; x_wconf 87' lang='lat' dir='ltr'><strong>Gradivum</strong></span> <span class='ocrx_word' id='word_1_41' title='bbox 705 427 804 466; x_wconf 85' lang='lat' dir='ltr'><strong>bella</strong></span> <span class='ocrx_word' id='word_1_42' title='bbox 835 438 990 465; x_wconf 86' lang='lat' dir='ltr'><strong>movere</strong></span> <span class='ocrx_word' id='word_1_43' title='bbox 1023 426 1158 465; x_wconf 87' lang='lat' dir='ltr'><strong>decet:</strong></span> 
     </span>
     <span class='ocr_line' id='line_1_8' title="bbox 165 484 1167 538; baseline -0.004 -12"><span class='ocrx_word' id='word_1_44' title='bbox 165 487 242 526; x_wconf 86' lang='lat' dir='ltr'><strong>Seu</strong></span> <span class='ocrx_word' id='word_1_45' title='bbox 276 489 363 538; x_wconf 87' lang='lat' dir='ltr'><strong>quis</strong></span> <span class='ocrx_word' id='word_1_46' title='bbox 395 486 441 526; x_wconf 89' lang='lat' dir='ltr'><strong>ab</strong></span> <span class='ocrx_word' id='word_1_47' title='bbox 475 499 545 525; x_wconf 94' lang='lat' dir='ltr'><strong>eoo</strong></span> <span class='ocrx_word' id='word_1_48' title='bbox 577 498 648 525; x_wconf 89' lang='lat' dir='ltr'><strong>nos</strong></span> <span class='ocrx_word' id='word_1_49' title='bbox 680 487 822 538; x_wconf 89' lang='lat' dir='ltr'><strong>impius</strong></span> <span class='ocrx_word' id='word_1_50' title='bbox 855 485 947 523; x_wconf 85' lang='lat' dir='ltr'><strong>orbe</strong></span> <span class='ocrx_word' id='word_1_51' title='bbox 980 484 1167 536; x_wconf 83' lang='lat' dir='ltr'>lacesset,</span> 
     </span>
     <span class='ocr_line' id='line_1_9' title="bbox 221 543 1183 596; baseline -0.003 -12"><span class='ocrx_word' id='word_1_52' title='bbox 221 545 299 584; x_wconf 90' lang='lat' dir='ltr'><strong>Seu</strong></span> <span class='ocrx_word' id='word_1_53' title='bbox 332 547 419 596; x_wconf 88' lang='lat' dir='ltr'><strong>quis</strong></span> <span class='ocrx_word' id='word_1_54' title='bbox 452 545 498 583; x_wconf 84' lang='lat' dir='ltr'><strong>ab</strong></span> <span class='ocrx_word' id='word_1_55' title='bbox 531 545 692 584; x_wconf 89' lang='lat' dir='ltr'><strong>occiduo</strong></span> <span class='ocrx_word' id='word_1_56' title='bbox 726 544 805 583; x_wconf 91' lang='lat' dir='ltr'><strong>sole</strong></span> <span class='ocrx_word' id='word_1_57' title='bbox 838 543 1053 582; x_wconf 88' lang='lat' dir='ltr'><strong>domandus</strong></span> <span class='ocrx_word' id='word_1_58' title='bbox 1086 544 1183 582; x_wconf 86' lang='lat' dir='ltr'><strong>erit.</strong></span> 
     </span>
     <span class='ocr_line' id='line_1_10' title="bbox 161 602 1168 655; baseline -0.002 -13"><span class='ocrx_word' id='word_1_59' title='bbox 161 603 356 655; x_wconf 89' lang='lat' dir='ltr'><strong>Prospicit</strong></span> <span class='ocrx_word' id='word_1_60' title='bbox 387 605 626 655; x_wconf 81' lang='lat' dir='ltr'>armipotens</span> <span class='ocrx_word' id='word_1_61' title='bbox 658 604 786 655; x_wconf 89' lang='lat' dir='ltr'><strong>operis</strong></span> <span class='ocrx_word' id='word_1_62' title='bbox 819 602 971 653; x_wconf 82' lang='lat' dir='ltr'><strong>fastigia</strong></span> <span class='ocrx_word' id='word_1_63' title='bbox 1002 602 1168 653; x_wconf 81' lang='lat' dir='ltr'><strong>summi,</strong></span> 
     </span>
     <span class='ocr_line' id='line_1_11' title="bbox 75 660 1134 714; baseline -0.003 -13"><span class='ocrx_word' id='word_1_64' title='bbox 75 670 142 701; x_wconf 83' lang='lat'><strong>560</strong></span> <span class='ocrx_word' id='word_1_65' title='bbox 223 662 272 701; x_wconf 87' lang='lat' dir='ltr'><strong>Et</strong></span> <span class='ocrx_word' id='word_1_66' title='bbox 302 662 441 714; x_wconf 89' lang='lat' dir='ltr'><strong>probat</strong></span> <span class='ocrx_word' id='word_1_67' title='bbox 474 663 639 701; x_wconf 91' lang='lat' dir='ltr'><strong>invictos</strong></span> <span class='ocrx_word' id='word_1_68' title='bbox 671 673 821 700; x_wconf 87' lang='lat' dir='ltr'><strong>summa</strong></span> <span class='ocrx_word' id='word_1_69' title='bbox 850 667 986 700; x_wconf 86' lang='lat' dir='ltr'><strong>tenere</strong></span> <span class='ocrx_word' id='word_1_70' title='bbox 1019 660 1134 698; x_wconf 90' lang='lat' dir='ltr'><strong>deos.</strong></span> 
     </span>
     <span class='ocr_line' id='line_1_12' title="bbox 162 719 1127 772; baseline -0.002 -13"><span class='ocrx_word' id='word_1_71' title='bbox 162 721 356 772; x_wconf 87' lang='lat' dir='ltr'><strong>Perspicit</strong></span> <span class='ocrx_word' id='word_1_72' title='bbox 386 723 427 759; x_wconf 92' lang='lat' dir='ltr'><strong>in</strong></span> <span class='ocrx_word' id='word_1_73' title='bbox 460 720 610 759; x_wconf 85' lang='lat' dir='ltr'><strong>foribus</strong></span> <span class='ocrx_word' id='word_1_74' title='bbox 642 720 816 759; x_wconf 88' lang='lat' dir='ltr'><strong>diversae</strong></span> <span class='ocrx_word' id='word_1_75' title='bbox 849 719 924 758; x_wconf 85' lang='lat' dir='ltr'><strong>tela</strong></span> <span class='ocrx_word' id='word_1_76' title='bbox 956 719 1127 770; x_wconf 81' lang='lat' dir='ltr'><strong>figurae,</strong></span> 
     </span>
     <span class='ocr_line' id='line_1_13' title="bbox 220 778 1055 830; baseline -0.004 -12"><span class='ocrx_word' id='word_1_77' title='bbox 220 780 415 830; x_wconf 81' lang='lat' dir='ltr'><strong>Armaque</strong></span> <span class='ocrx_word' id='word_1_78' title='bbox 448 785 643 818; x_wconf 86' lang='lat' dir='ltr'><strong>terrarum</strong></span> <span class='ocrx_word' id='word_1_79' title='bbox 674 778 796 817; x_wconf 87' lang='lat' dir='ltr'><strong>milite</strong></span> <span class='ocrx_word' id='word_1_80' title='bbox 829 779 927 816; x_wconf 86' lang='lat' dir='ltr'><strong>victa</strong></span> <span class='ocrx_word' id='word_1_81' title='bbox 960 789 1055 815; x_wconf 90' lang='lat' dir='ltr'><strong>suo.</strong></span> 
     </span>
     <span class='ocr_line' id='line_1_14' title="bbox 163 835 1151 886; baseline -0.003 -11"><span class='ocrx_word' id='word_1_82' title='bbox 163 837 262 876; x_wconf 90' lang='lat' dir='ltr'><strong>Hinc</strong></span> <span class='ocrx_word' id='word_1_83' title='bbox 294 838 399 876; x_wconf 89' lang='lat' dir='ltr'><strong>videt</strong></span> <span class='ocrx_word' id='word_1_84' title='bbox 430 838 587 876; x_wconf 83' lang='lat' dir='ltr'><strong>Aenean</strong></span> <span class='ocrx_word' id='word_1_85' title='bbox 619 841 823 875; x_wconf 88' lang='lat' dir='ltr'><strong>oneratum</strong></span> <span class='ocrx_word' id='word_1_86' title='bbox 855 835 1028 886; x_wconf 89' lang='lat' dir='ltr'><strong>pondere</strong></span> <span class='ocrx_word' id='word_1_87' title='bbox 1062 846 1151 873; x_wconf 90' lang='lat' dir='ltr'><strong>caro</strong></span> 
     </span>
     <span class='ocr_line' id='line_1_15' title="bbox 222 894 910 935; baseline -0.004 0"><span class='ocrx_word' id='word_1_88' title='bbox 222 895 271 935; x_wconf 89' lang='lat' dir='ltr'><strong>Et</strong></span> <span class='ocrx_word' id='word_1_89' title='bbox 302 901 361 935; x_wconf 84' lang='lat' dir='ltr'><strong>tot</strong></span> <span class='ocrx_word' id='word_1_90' title='bbox 392 895 519 934; x_wconf 88' lang='lat' dir='ltr'><strong>Iuleae</strong></span> <span class='ocrx_word' id='word_1_91' title='bbox 552 894 764 934; x_wconf 81' lang='lat' dir='ltr'>nobilitatis</span> <span class='ocrx_word' id='word_1_92' title='bbox 797 906 910 933; x_wconf 87' lang='lat' dir='ltr'><strong>avos:</strong></span> 
     </span>
     <span class='ocr_line' id='line_1_16' title="bbox 75 951 1281 1001; baseline -0.003 -9"><span class='ocrx_word' id='word_1_93' title='bbox 75 961 142 992; x_wconf 80' lang='lat'><strong>565</strong></span> <span class='ocrx_word' id='word_1_94' title='bbox 164 953 263 992; x_wconf 90' lang='lat' dir='ltr'><strong>Hinc</strong></span> <span class='ocrx_word' id='word_1_95' title='bbox 295 954 399 993; x_wconf 83' lang='lat' dir='ltr'><strong>videt</strong></span> <span class='ocrx_word' id='word_1_96' title='bbox 430 954 574 992; x_wconf 83' lang='lat' dir='ltr'><strong>Iliaden</strong></span> <span class='ocrx_word' id='word_1_97' title='bbox 608 954 754 992; x_wconf 89' lang='lat' dir='ltr'><strong>umeris</strong></span> <span class='ocrx_word' id='word_1_98' title='bbox 787 952 897 991; x_wconf 90' lang='lat' dir='ltr'><strong>ducis</strong></span> <span class='ocrx_word' id='word_1_99' title='bbox 929 963 1035 990; x_wconf 87' lang='lat' dir='ltr'><strong>arma</strong></span> <span class='ocrx_word' id='word_1_100' title='bbox 1067 951 1281 1001; x_wconf 83' lang='lat' dir='ltr'><strong>serentem,</strong></span> 
     </span>
     <span class='ocr_line' id='line_1_17' title="bbox 223 1010 1101 1064; baseline -0.002 -14"><span class='ocrx_word' id='word_1_101' title='bbox 223 1012 411 1064; x_wconf 89' lang='lat' dir='ltr'><strong>Claraque</strong></span> <span class='ocrx_word' id='word_1_102' title='bbox 443 1012 641 1063; x_wconf 82' lang='lat' dir='ltr'>dispositis</span> <span class='ocrx_word' id='word_1_103' title='bbox 674 1016 757 1050; x_wconf 86' lang='lat' dir='ltr'><strong>acta</strong></span> <span class='ocrx_word' id='word_1_104' title='bbox 791 1010 952 1049; x_wconf 84' lang='lat' dir='ltr'><strong>subesse</strong></span> <span class='ocrx_word' id='word_1_105' title='bbox 984 1010 1101 1048; x_wconf 91' lang='lat' dir='ltr'><strong>viris.</strong></span> 
     </span>
     <span class='ocr_line' id='line_1_18' title="bbox 166 1067 1312 1122; baseline -0.003 -13"><span class='ocrx_word' id='word_1_106' title='bbox 166 1070 324 1122; x_wconf 82' lang='lat' dir='ltr'><strong>Spectat</strong></span> <span class='ocrx_word' id='word_1_107' title='bbox 356 1077 394 1109; x_wconf 89' lang='lat' dir='ltr'><strong>et</strong></span> <span class='ocrx_word' id='word_1_108' title='bbox 425 1071 600 1122; x_wconf 84' lang='lat' dir='ltr'><strong>Augusto</strong></span> <span class='ocrx_word' id='word_1_109' title='bbox 632 1076 876 1121; x_wconf 78' lang='lat' dir='ltr'><strong>praetextum</strong></span> <span class='ocrx_word' id='word_1_110' title='bbox 910 1069 1066 1107; x_wconf 89' lang='lat' dir='ltr'><strong>nomine</strong></span> <span class='ocrx_word' id='word_1_111' title='bbox 1099 1067 1312 1119; x_wconf 87' lang='lat' dir='ltr'><strong>templum,</strong></span> 
     </span>
     <span class='ocr_line' id='line_1_19' title="bbox 223 1127 1068 1178; baseline -0.004 -11"><span class='ocrx_word' id='word_1_112' title='bbox 223 1128 272 1167; x_wconf 89' lang='lat' dir='ltr'><strong>Et</strong></span> <span class='ocrx_word' id='word_1_113' title='bbox 303 1131 429 1168; x_wconf 90' lang='lat' dir='ltr'><strong>visum</strong></span> <span class='ocrx_word' id='word_1_114' title='bbox 460 1129 562 1168; x_wconf 87' lang='lat' dir='ltr'><strong>lecto</strong></span> <span class='ocrx_word' id='word_1_115' title='bbox 594 1127 757 1167; x_wconf 82' lang='lat' dir='ltr'><strong>Caesare</strong></span> <span class='ocrx_word' id='word_1_116' title='bbox 791 1129 915 1166; x_wconf 89' lang='lat' dir='ltr'><strong>maius</strong></span> <span class='ocrx_word' id='word_1_117' title='bbox 947 1138 1068 1178; x_wconf 87' lang='lat' dir='ltr'><strong>opus.</strong></span> 
     </span>
     <span class='ocr_line' id='line_1_20' title="bbox 165 1184 1343 1237; baseline 0 -14"><span class='ocrx_word' id='word_1_118' title='bbox 165 1186 331 1227; x_wconf 69' lang='lat' dir='ltr'><strong>voverat</strong></span> <span class='ocrx_word' id='word_1_119' title='bbox 362 1187 435 1226; x_wconf 89' lang='lat' dir='ltr'><strong>hoc</strong></span> <span class='ocrx_word' id='word_1_120' title='bbox 467 1188 618 1226; x_wconf 86' lang='lat' dir='ltr'><strong>iuvenis</strong></span> <span class='ocrx_word' id='word_1_121' title='bbox 650 1193 744 1225; x_wconf 81' lang='lat' dir='ltr'><strong>tunc</strong></span> <span class='ocrx_word' id='word_1_122' title='bbox 761 1217 773 1237; x_wconf 87' lang='lat'><em>,</em></span> <span class='ocrx_word' id='word_1_123' title='bbox 806 1198 895 1225; x_wconf 89' lang='lat' dir='ltr'><strong>cum</strong></span> <span class='ocrx_word' id='word_1_124' title='bbox 926 1187 989 1237; x_wconf 86' lang='lat' dir='ltr'><strong>pia</strong></span> <span class='ocrx_word' id='word_1_125' title='bbox 1022 1184 1180 1224; x_wconf 86' lang='lat' dir='ltr'><strong>sustulit</strong></span> <span class='ocrx_word' id='word_1_126' title='bbox 1213 1196 1343 1224; x_wconf 87' lang='lat' dir='ltr'><strong>arma.</strong></span> 
     </span>
     <span class='ocr_line' id='line_1_21' title="bbox 77 1244 1042 1296; baseline -0.002 -12"><span class='ocrx_word' id='word_1_127' title='bbox 77 1254 145 1284; x_wconf 79' lang='lat'><strong>570</strong></span> <span class='ocrx_word' id='word_1_128' title='bbox 225 1246 255 1284; x_wconf 92' lang='lat' dir='ltr'><strong>A</strong></span> <span class='ocrx_word' id='word_1_129' title='bbox 288 1247 405 1285; x_wconf 86' lang='lat' dir='ltr'><strong>tantis</strong></span> <span class='ocrx_word' id='word_1_130' title='bbox 436 1245 626 1296; x_wconf 84' lang='lat' dir='ltr'><strong>Princeps</strong></span> <span class='ocrx_word' id='word_1_131' title='bbox 657 1244 904 1296; x_wconf 85' lang='lat' dir='ltr'><strong>incipiendus</strong></span> <span class='ocrx_word' id='word_1_132' title='bbox 937 1249 1042 1282; x_wconf 85' lang='lat' dir='ltr'><strong>erat.</strong></span> 
     </span>
     <span class='ocr_line' id='line_1_22' title="bbox 165 1302 1213 1356; baseline -0.003 -13"><span class='ocrx_word' id='word_1_133' title='bbox 165 1304 231 1343; x_wconf 87' lang='lat' dir='ltr'><strong>Ille</strong></span> <span class='ocrx_word' id='word_1_134' title='bbox 265 1317 402 1343; x_wconf 87' lang='lat' dir='ltr'><strong>manus</strong></span> <span class='ocrx_word' id='word_1_135' title='bbox 435 1304 629 1356; x_wconf 81' lang='lat' dir='ltr'><strong>tendens,</strong></span> <span class='ocrx_word' id='word_1_136' title='bbox 661 1303 752 1342; x_wconf 86' lang='lat' dir='ltr'><strong>hinc</strong></span> <span class='ocrx_word' id='word_1_137' title='bbox 785 1304 902 1342; x_wconf 87' lang='lat' dir='ltr'><strong>stanti</strong></span> <span class='ocrx_word' id='word_1_138' title='bbox 934 1302 1054 1341; x_wconf 85' lang='lat' dir='ltr'><strong>milite</strong></span> <span class='ocrx_word' id='word_1_139' title='bbox 1086 1302 1213 1353; x_wconf 82' lang='lat' dir='ltr'><strong>iusto,</strong></span> 
     </span>
     <span class='ocr_line' id='line_1_23' title="bbox 224 1361 1014 1414; baseline -0.004 -12"><span class='ocrx_word' id='word_1_140' title='bbox 224 1362 323 1402; x_wconf 89' lang='lat' dir='ltr'><strong>Hinc</strong></span> <span class='ocrx_word' id='word_1_141' title='bbox 356 1364 569 1402; x_wconf 86' lang='lat' dir='ltr'><strong>coniuratis</strong></span> <span class='ocrx_word' id='word_1_142' title='bbox 588 1394 599 1414; x_wconf 88' lang='lat'><em>‚</em></span> <span class='ocrx_word' id='word_1_143' title='bbox 630 1362 720 1401; x_wconf 88' lang='lat' dir='ltr'><strong>talia</strong></span> <span class='ocrx_word' id='word_1_144' title='bbox 752 1361 854 1401; x_wconf 86' lang='lat' dir='ltr'><strong>dicta</strong></span> <span class='ocrx_word' id='word_1_145' title='bbox 885 1361 1014 1400; x_wconf 88' lang='lat' dir='ltr'><strong>dedit:</strong></span> 
     </span>
     <span class='ocr_line' id='line_1_24' title="bbox 167 1418 1253 1472; baseline -0.004 -12"><span class='ocrx_word' id='word_1_146' title='bbox 167 1419 229 1460; x_wconf 71' lang='lat' dir='ltr'><strong>eSi</strong></span> <span class='ocrx_word' id='word_1_147' title='bbox 260 1421 356 1460; x_wconf 89' lang='lat' dir='ltr'><strong>mihi</strong></span> <span class='ocrx_word' id='word_1_148' title='bbox 387 1421 556 1460; x_wconf 86' lang='lat' dir='ltr'><strong>bellandi.</strong></span> <span class='ocrx_word' id='word_1_149' title='bbox 587 1426 696 1472; x_wconf 87' lang='lat' dir='ltr'><strong>pater</strong></span> <span class='ocrx_word' id='word_1_150' title='bbox 730 1426 789 1459; x_wconf 88' lang='lat' dir='ltr'><strong>est</strong></span> <span class='ocrx_word' id='word_1_151' title='bbox 820 1419 1037 1470; x_wconf 83' lang='lat' dir='ltr'><strong>Vestaeque</strong></span> <span class='ocrx_word' id='word_1_152' title='bbox 1070 1418 1253 1459; x_wconf 85' lang='lat' dir='ltr'><strong>sacerdos</strong></span> 
     </span>
     <span class='ocr_line' id='line_1_25' title="bbox 225 1479 1213 1532; baseline -0.003 -13"><span class='ocrx_word' id='word_1_153' title='bbox 225 1480 400 1532; x_wconf 87' lang='lat' dir='ltr'><strong>Auctor,</strong></span> <span class='ocrx_word' id='word_1_154' title='bbox 433 1485 472 1518; x_wconf 89' lang='lat' dir='ltr'><strong>et</strong></span> <span class='ocrx_word' id='word_1_155' title='bbox 503 1479 641 1518; x_wconf 87' lang='lat' dir='ltr'><strong>ulcisci</strong></span> <span class='ocrx_word' id='word_1_156' title='bbox 672 1491 818 1517; x_wconf 87' lang='lat' dir='ltr'><strong>numen</strong></span> <span class='ocrx_word' id='word_1_157' title='bbox 850 1484 1062 1529; x_wconf 86' lang='lat' dir='ltr'><strong>utrumque</strong></span> <span class='ocrx_word' id='word_1_158' title='bbox 1095 1489 1213 1530; x_wconf 89' lang='lat' dir='ltr'><strong>paro:</strong></span> 
     </span>
     <span class='ocr_line' id='line_1_26' title="bbox 78 1537 1298 1590; baseline -0.002 -13"><span class='ocrx_word' id='word_1_159' title='bbox 78 1546 145 1577; x_wconf 85' lang='lat'><strong>575</strong></span> <span class='ocrx_word' id='word_1_160' title='bbox 166 1538 268 1577; x_wconf 86' lang='lat' dir='ltr'><strong>Mars</strong></span> <span class='ocrx_word' id='word_1_161' title='bbox 288 1570 298 1590; x_wconf 83' lang='lat'>,</span> <span class='ocrx_word' id='word_1_162' title='bbox 330 1538 421 1577; x_wconf 89' lang='lat' dir='ltr'><strong>ades</strong></span> <span class='ocrx_word' id='word_1_163' title='bbox 440 1569 450 1585; x_wconf 89' lang='lat'><em>‚</em></span> <span class='ocrx_word' id='word_1_164' title='bbox 484 1544 521 1576; x_wconf 89' lang='lat' dir='ltr'><strong>et</strong></span> <span class='ocrx_word' id='word_1_165' title='bbox 554 1539 647 1576; x_wconf 88' lang='lat' dir='ltr'><strong>satia</strong></span> <span class='ocrx_word' id='word_1_166' title='bbox 681 1537 870 1576; x_wconf 87' lang='lat' dir='ltr'><strong>scelerato</strong></span> <span class='ocrx_word' id='word_1_167' title='bbox 904 1538 1092 1587; x_wconf 86' lang='lat' dir='ltr'><strong>sanguine</strong></span> <span class='ocrx_word' id='word_1_168' title='bbox 1116 1537 1298 1587; x_wconf 67' lang='lat' dir='ltr'><strong>Terrum,</strong></span> 
     </span>
     <span class='ocr_line' id='line_1_27' title="bbox 227 1594 1121 1648; baseline -0.003 -12"><span class='ocrx_word' id='word_1_169' title='bbox 227 1597 388 1648; x_wconf 78' lang='lat' dir='ltr'><strong>Stetque</strong></span> <span class='ocrx_word' id='word_1_170' title='bbox 422 1597 529 1635; x_wconf 81' lang='lat' dir='ltr'><strong>favor</strong></span> <span class='ocrx_word' id='word_1_171' title='bbox 562 1608 677 1635; x_wconf 85' lang='lat' dir='ltr'><strong>causa</strong></span> <span class='ocrx_word' id='word_1_172' title='bbox 709 1607 780 1646; x_wconf 91' lang='lat' dir='ltr'><strong>pro</strong></span> <span class='ocrx_word' id='word_1_173' title='bbox 814 1594 974 1634; x_wconf 90' lang='lat' dir='ltr'><strong>meliore</strong></span> <span class='ocrx_word' id='word_1_174' title='bbox 1007 1601 1121 1634; x_wconf 89' lang='lat' dir='ltr'><strong>tuus.</strong></span> 
     </span>
     <span class='ocr_line' id='line_1_28' title="bbox 167 1648 1278 1706; baseline -0.002 -13"><span class='ocrx_word' id='word_1_175' title='bbox 167 1655 327 1706; x_wconf 88' lang='lat' dir='ltr'><strong>Templa</strong></span> <span class='ocrx_word' id='word_1_176' title='bbox 358 1656 461 1694; x_wconf 86' lang='lat' dir='ltr'><strong>seres</strong></span> <span class='ocrx_word' id='word_1_177' title='bbox 495 1661 561 1706; x_wconf 87' lang='lat' dir='ltr'><strong>et,</strong></span> <span class='ocrx_word' id='word_1_178' title='bbox 593 1667 655 1693; x_wconf 90' lang='lat' dir='ltr'><strong>me</strong></span> <span class='ocrx_word' id='word_1_179' title='bbox 687 1656 833 1692; x_wconf 86' lang='lat' dir='ltr'><strong>victore</strong></span> <span class='ocrx_word' id='word_1_180' title='bbox 853 1685 864 1705; x_wconf 86' lang='lat'><em>‚</em></span> <span class='ocrx_word' id='word_1_181' title='bbox 895 1653 1098 1692; x_wconf 83' lang='lat' dir='ltr'><strong>vocaberis</strong></span> <span class='ocrx_word' id='word_1_182' title='bbox 1123 1648 1278 1692; x_wconf 61' lang='grc' dir='ltr'><strong>111101.ε</strong></span> 
     </span>
     <span class='ocr_line' id='line_1_29' title="bbox 227 1711 1148 1765; baseline 0.001 -15"><span class='ocrx_word' id='word_1_183' title='bbox 227 1713 393 1752; x_wconf 82' lang='lat' dir='ltr'><strong>Voverat</strong></span> <span class='ocrx_word' id='word_1_184' title='bbox 411 1745 421 1765; x_wconf 84' lang='lat'><em>‚</em></span> <span class='ocrx_word' id='word_1_185' title='bbox 454 1719 493 1752; x_wconf 89' lang='lat' dir='ltr'><strong>et</strong></span> <span class='ocrx_word' id='word_1_186' title='bbox 524 1713 610 1752; x_wconf 84' lang='lat' dir='ltr'><strong>suso</strong></span> <span class='ocrx_word' id='word_1_187' title='bbox 643 1713 768 1751; x_wconf 88' lang='lat' dir='ltr'><strong>laetus</strong></span> <span class='ocrx_word' id='word_1_188' title='bbox 800 1712 846 1750; x_wconf 88' lang='lat' dir='ltr'><strong>ab</strong></span> <span class='ocrx_word' id='word_1_189' title='bbox 879 1712 991 1751; x_wconf 89' lang='lat' dir='ltr'><strong>hoste</strong></span> <span class='ocrx_word' id='word_1_190' title='bbox 1023 1711 1148 1751; x_wconf 88' lang='lat' dir='ltr'><strong>redit.</strong></span> 
     </span>
     <span class='ocr_line' id='line_1_30' title="bbox 168 1770 1276 1822; baseline -0.003 -11"><span class='ocrx_word' id='word_1_191' title='bbox 168 1772 247 1811; x_wconf 80' lang='lat' dir='ltr'><strong>Nec</strong></span> <span class='ocrx_word' id='word_1_192' title='bbox 280 1773 373 1811; x_wconf 86' lang='lat' dir='ltr'><strong>satis</strong></span> <span class='ocrx_word' id='word_1_193' title='bbox 406 1777 465 1810; x_wconf 89' lang='lat' dir='ltr'><strong>est</strong></span> <span class='ocrx_word' id='word_1_194' title='bbox 497 1773 687 1810; x_wconf 87' lang='lat' dir='ltr'><strong>meruisse</strong></span> <span class='ocrx_word' id='word_1_195' title='bbox 721 1771 841 1809; x_wconf 89' lang='lat' dir='ltr'><strong>semel</strong></span> <span class='ocrx_word' id='word_1_196' title='bbox 874 1772 1105 1822; x_wconf 85' lang='lat' dir='ltr'><strong>cognomina</strong></span> <span class='ocrx_word' id='word_1_197' title='bbox 1136 1770 1276 1809; x_wconf 88' lang='lat' dir='ltr'><strong>Marti:</strong></span> 
     </span>
     <span class='ocr_line' id='line_1_31' title="bbox 78 1829 1146 1881; baseline -0.003 -11"><span class='ocrx_word' id='word_1_198' title='bbox 78 1838 146 1870; x_wconf 82' lang='lat'><strong>580</strong></span> <span class='ocrx_word' id='word_1_199' title='bbox 226 1831 484 1881; x_wconf 83' lang='lat' dir='ltr'><strong>Persequitur</strong></span> <span class='ocrx_word' id='word_1_200' title='bbox 515 1829 649 1869; x_wconf 89' lang='lat' dir='ltr'><strong>Parthi</strong></span> <span class='ocrx_word' id='word_1_201' title='bbox 681 1830 789 1880; x_wconf 85' lang='lat' dir='ltr'><strong>signa</strong></span> <span class='ocrx_word' id='word_1_202' title='bbox 822 1834 974 1868; x_wconf 81' lang='lat' dir='ltr'><strong>retenta</strong></span> <span class='ocrx_word' id='word_1_203' title='bbox 1005 1841 1146 1868; x_wconf 87' lang='lat' dir='ltr'><strong>manu.</strong></span> 
     </span>
     <span class='ocr_line' id='line_1_32' title="bbox 168 1888 1210 1940; baseline -0.002 -12"><span class='ocrx_word' id='word_1_204' title='bbox 168 1889 270 1928; x_wconf 90' lang='lat' dir='ltr'><strong>Gens</strong></span> <span class='ocrx_word' id='word_1_205' title='bbox 303 1889 377 1928; x_wconf 88' lang='lat' dir='ltr'><strong>suit</strong></span> <span class='ocrx_word' id='word_1_206' title='bbox 409 1894 448 1928; x_wconf 82' lang='lat' dir='ltr'><strong>et</strong></span> <span class='ocrx_word' id='word_1_207' title='bbox 480 1890 626 1940; x_wconf 88' lang='lat' dir='ltr'><strong>campis</strong></span> <span class='ocrx_word' id='word_1_208' title='bbox 659 1893 697 1926; x_wconf 86' lang='lat' dir='ltr'><strong>et</strong></span> <span class='ocrx_word' id='word_1_209' title='bbox 729 1889 840 1938; x_wconf 88' lang='lat' dir='ltr'><strong>equis</strong></span> <span class='ocrx_word' id='word_1_210' title='bbox 873 1893 912 1926; x_wconf 89' lang='lat' dir='ltr'><strong>et</strong></span> <span class='ocrx_word' id='word_1_211' title='bbox 944 1892 1028 1926; x_wconf 85' lang='lat' dir='ltr'><strong>tuta</strong></span> <span class='ocrx_word' id='word_1_212' title='bbox 1059 1888 1210 1939; x_wconf 84' lang='lat' dir='ltr'><strong>sagittis</strong></span> 
     </span>
     <span class='ocr_line' id='line_1_33' title="bbox 226 1945 968 1987; baseline -0.003 -1"><span class='ocrx_word' id='word_1_213' title='bbox 226 1947 275 1987; x_wconf 90' lang='lat' dir='ltr'><strong>Et</strong></span> <span class='ocrx_word' id='word_1_214' title='bbox 307 1948 555 1987; x_wconf 84' lang='lat' dir='ltr'><strong>circumfusis</strong></span> <span class='ocrx_word' id='word_1_215' title='bbox 587 1948 689 1986; x_wconf 92' lang='lat' dir='ltr'><strong>invia</strong></span> <span class='ocrx_word' id='word_1_216' title='bbox 720 1945 968 1985; x_wconf 83' lang='lat' dir='ltr'><strong>fluminibus.</strong></span> 
     </span>
     <span class='ocr_line' id='line_1_34' title="bbox 167 2005 1182 2056; baseline -0.003 -11"><span class='ocrx_word' id='word_1_217' title='bbox 167 2006 406 2045; x_wconf 88' lang='lat' dir='ltr'><strong>Addiderant</strong></span> <span class='ocrx_word' id='word_1_218' title='bbox 437 2007 586 2045; x_wconf 85' lang='lat' dir='ltr'><strong>animos</strong></span> <span class='ocrx_word' id='word_1_219' title='bbox 619 2005 848 2044; x_wconf 88' lang='lat' dir='ltr'><strong>Crassorum</strong></span> <span class='ocrx_word' id='word_1_220' title='bbox 881 2006 1018 2043; x_wconf 86' lang='lat' dir='ltr'><strong>funera</strong></span> <span class='ocrx_word' id='word_1_221' title='bbox 1051 2005 1182 2056; x_wconf 83' lang='lat' dir='ltr'><strong>genti,</strong></span> 
     </span>
     <span class='ocr_line' id='line_1_35' title="bbox 227 2062 1195 2116; baseline -0.002 -13"><span class='ocrx_word' id='word_1_222' title='bbox 227 2064 324 2104; x_wconf 88' lang='lat' dir='ltr'><strong>Cum</strong></span> <span class='ocrx_word' id='word_1_223' title='bbox 354 2066 473 2116; x_wconf 89' lang='lat' dir='ltr'><strong>periit</strong></span> <span class='ocrx_word' id='word_1_224' title='bbox 505 2064 614 2103; x_wconf 88' lang='lat' dir='ltr'><strong>miles</strong></span> <span class='ocrx_word' id='word_1_225' title='bbox 647 2065 833 2115; x_wconf 84' lang='lat' dir='ltr'><strong>signaque</strong></span> <span class='ocrx_word' id='word_1_226' title='bbox 867 2063 1023 2114; x_wconf 78' lang='lat' dir='ltr'><strong>duxque</strong></span> <span class='ocrx_word' id='word_1_227' title='bbox 1056 2062 1195 2102; x_wconf 89' lang='lat' dir='ltr'><strong>simul.</strong></span> 
     </span>
     <span class='ocr_line' id='line_1_36' title="bbox 80 2121 1237 2175; baseline -0.002 -13"><span class='ocrx_word' id='word_1_228' title='bbox 80 2131 147 2162; x_wconf 85' lang='lat'><strong>585</strong></span> <span class='ocrx_word' id='word_1_229' title='bbox 169 2123 314 2175; x_wconf 84' lang='lat' dir='ltr'><strong>Signa,</strong></span> <span class='ocrx_word' id='word_1_230' title='bbox 348 2124 466 2162; x_wconf 91' lang='lat' dir='ltr'><strong>decus</strong></span> <span class='ocrx_word' id='word_1_231' title='bbox 499 2123 620 2174; x_wconf 79' lang='lat' dir='ltr'><strong>belli,</strong></span> <span class='ocrx_word' id='word_1_232' title='bbox 651 2121 820 2161; x_wconf 89' lang='lat' dir='ltr'><strong>Parthus</strong></span> <span class='ocrx_word' id='word_1_233' title='bbox 852 2121 1025 2160; x_wconf 87' lang='lat' dir='ltr'><strong>Romana</strong></span> <span class='ocrx_word' id='word_1_234' title='bbox 1057 2121 1237 2172; x_wconf 86' lang='lat' dir='ltr'><strong>tenebat,</strong></span> 
     </span>
     <span class='ocr_line' id='line_1_37' title="bbox 226 2178 1177 2233; baseline -0.002 -13"><span class='ocrx_word' id='word_1_235' title='bbox 226 2181 499 2233; x_wconf 88' lang='lat' dir='ltr'><strong>Romanaeque</strong></span> <span class='ocrx_word' id='word_1_236' title='bbox 533 2181 682 2233; x_wconf 89' lang='lat' dir='ltr'><strong>aquilae</strong></span> <span class='ocrx_word' id='word_1_237' title='bbox 720 2181 882 2231; x_wconf 81' lang='lat' dir='ltr'><strong>signifer</strong></span> <span class='ocrx_word' id='word_1_238' title='bbox 914 2180 1039 2220; x_wconf 90' lang='lat' dir='ltr'><strong>hostis</strong></span> <span class='ocrx_word' id='word_1_239' title='bbox 1071 2178 1177 2219; x_wconf 84' lang='lat' dir='ltr'><strong>erat!</strong></span> 
     </span>
     <span class='ocr_line' id='line_1_38' title="bbox 169 2238 1329 2292; baseline -0.002 -13"><span class='ocrx_word' id='word_1_240' title='bbox 169 2240 283 2292; x_wconf 90' lang='lat' dir='ltr'><strong>Isque</strong></span> <span class='ocrx_word' id='word_1_241' title='bbox 316 2240 443 2292; x_wconf 87' lang='lat' dir='ltr'><strong>pudor</strong></span> <span class='ocrx_word' id='word_1_242' title='bbox 475 2242 683 2280; x_wconf 88' lang='lat' dir='ltr'><strong>mansisset</strong></span> <span class='ocrx_word' id='word_1_243' title='bbox 715 2239 871 2291; x_wconf 84' lang='lat' dir='ltr'><strong>adhuc,</strong></span> <span class='ocrx_word' id='word_1_244' title='bbox 903 2240 979 2278; x_wconf 76' lang='lat' dir='ltr'><strong>nisi</strong></span> <span class='ocrx_word' id='word_1_245' title='bbox 1011 2238 1179 2278; x_wconf 84' lang='lat' dir='ltr'><strong>sortibus</strong></span> <span class='ocrx_word' id='word_1_246' title='bbox 1212 2239 1329 2277; x_wconf 83' lang='lat' dir='ltr'><strong>armis</strong></span> 
     </span>
    </p>
   </div>
  </div>
 </body>
</html>
