1575 2489
172 74 254 115 132
710 73 774 105 EX
798 72 953 105 PONTo

285 183 329 221 In
362 181 503 232 quibus
535 181 736 230 ingenium
768 179 911 217 desiste
944 180 1147 229 requirere
1179 182 1382 226 nostrum,

344 240 508 278 Nescius
540 237 646 276 exilii
676 249 725 275 ne
756 237 910 275 videare
942 238 1039 274 mei.

247 307 267 337 5
288 297 425 336 Cernis
444 328 455 347 ,
485 302 530 334 ut
559 297 740 346 ignavum
771 300 1023 345 corrumpant
1054 296 1131 333 otia
1163 305 1330 344 corpus,

346 355 396 393 Ut
427 359 584 392 careant
614 354 705 391 vitio
728 384 738 404 ,
770 353 804 390 si
834 358 1062 391 moveantur
1081 383 1091 403 ,
1123 363 1267 402 aquae.

287 413 336 451 Et
366 412 462 450 mihi
494 412 617 462 siquis
649 417 732 449 erat
763 410 931 449 ducendi
962 411 1144 449 carminis
1177 420 1296 460 usus,

347 470 513 521 Deficit,
545 474 682 519 estque
714 469 842 506 minor
874 468 999 506 factus
1030 469 1156 506 inerte
1189 468 1290 505 situ.

288 528 391 566 Haec
425 539 579 578 quoque
598 557 610 578 ,
643 538 741 578 quae
773 525 901 576 legitis
920 557 930 577 ,
968 526 1096 576 siquid
1130 524 1252 576 mihi,
1284 523 1472 575 Maxime,

1012 583 1162 634 credis,

229 653 270 682 10
352 643 568 682 Scribimus
599 643 717 681 invita
749 643 890 692 vixque
923 648 1054 680 coacta
1085 653 1223 679 manu.

289 701 375 740 Non
408 701 503 740 libet
534 703 574 739 in
606 700 693 739 talis
726 701 897 738 animum
929 698 1165 738 contendere
1198 709 1335 748 curas,

346 759 426 798 Nec
460 761 563 798 venit
594 759 641 797 ad
673 759 792 796 duros
825 757 933 796 Musa
966 763 1098 796 vocata
1131 756 1265 794 Getas.

288 818 340 857 Ut
370 823 498 856 tamen
529 819 614 867 ipse
646 816 752 855 vides
772 848 782 867 ,
814 816 940 854 luctor
973 814 1166 853 deducere
1200 825 1378 852 versum:

351 875 426 914 Sed
460 887 538 913 non
569 876 612 912 fit
643 874 720 912 sato
752 873 904 912 mollior
935 873 998 911 ille
1031 885 1140 911 meO.

229 943 270 972 15
291 934 388 973 Cum
420 933 549 983 relego
570 964 580 984 ,
613 934 817 982 scripsisse
848 931 997 983 pudet,
1031 932 1120 981 quia
1150 930 1317 981 plurima
1351 940 1468 967 cerno

349 992 407 1030 Me
441 1003 626 1042 quoque,
660 992 728 1041 qui
759 991 862 1041 feci,
895 989 1021 1028 iudice
1055 988 1169 1039 digna
1201 988 1293 1026 lini.

290 1050 370 1088 Nec
402 1056 531 1087 tamen
559 1048 722 1087 emendo
744 1079 750 1086 .
795 1047 903 1086 labor
929 1048 992 1085 hic
1019 1059 1134 1097 quam
1160 1045 1332 1084 scribere
1360 1046 1505 1096 maior,

349 1107 538 1157 Mensque
568 1108 648 1157 pati
680 1106 821 1144 durum
855 1107 1023 1144 sustinet
1053 1116 1168 1154 aegra
1198 1103 1315 1142 nihil.

293 1165 450 1203 Scilicet
482 1165 663 1215 incipiam
697 1164 785 1202 lima
816 1163 1037 1202 mordacius
1069 1164 1149 1212 uti,

228 1232 271 1262 ‘20
350 1222 399 1261 Et
431 1222 503 1261 sub
536 1222 723 1260 iudicium
755 1221 906 1272 singula
937 1220 1054 1259 verba
1086 1216 1255 1258 vocem?

292 1281 468 1332 Torquet
506 1281 609 1318 enim
647 1280 802 1318 fortuna
839 1291 1006 1331 parum,
1045 1279 1121 1316 nisi
1158 1277 1293 1315 Lissus
1331 1277 1370 1314 in

1016 1336 1192 1375 Hebrum
1451 1342 1506 1372 (19)

352 1397 557 1448 Confluat,
590 1402 628 1435 et
660 1395 818 1434 frondes
850 1395 1012 1434 saltibus
1045 1394 1159 1433 addat
1189 1390 1320 1431 Atho?

294 1455 537 1493 Parcendum
570 1461 630 1493 est
661 1456 787 1492 animo
820 1452 1040 1491 miserabile
1072 1452 1211 1491 vulnus
1244 1450 1424 1489 habenti.

353 1513 585 1551 Subducunt
619 1514 729 1550 oneri
762 1511 856 1550 colla
888 1517 1046 1562 perusta
1079 1510 1220 1548 boves.

232 1580 273 1610 25
295 1572 372 1621 At,
404 1576 497 1620 puto
518 1603 528 1622 ,
559 1571 712 1608 fructus
745 1570 881 1620 adest,
920 1570 1132 1607 iustissima
1164 1579 1280 1606 causa
1312 1565 1506 1616 laborum,

353 1629 402 1666 Et
434 1634 514 1667 sata
546 1641 634 1667 cum
668 1627 787 1666 multo
820 1628 953 1666 fenore
986 1627 1113 1665 reddit
1146 1623 1271 1676 ager‘?

295 1688 466 1737 Tempus
498 1686 545 1724 ad
576 1686 649 1724 hoc
682 1685 823 1737 nobis,
855 1691 1009 1737 repetas
1041 1685 1132 1723 licet
1164 1685 1290 1722 omnia
1311 1715 1320 1733 ‚
1359 1682 1507 1721 nullum

352 1745 504 1783 Profuit
534 1766 580 1771 —
611 1750 726 1794 atque
759 1745 906 1782 utinam
939 1755 1016 1781 non
1048 1741 1276 1781 nocuisset!
1308 1763 1353 1768 —
1385 1752 1508 1792 opus.

296 1803 374 1842 Cur
404 1804 525 1853 igitur
557 1802 723 1841 scribam
743 1833 753 1853 ,
785 1803 938 1839 miraris
959 1799 979 1840 ἱ)
1011 1803 1130 1839 miror
1163 1807 1201 1839 et
1233 1801 1339 1850 ipse,

233 1870 276 1901 30
356 1860 405 1899 Et
436 1867 566 1899 tecum
600 1872 742 1911 quaero
777 1872 920 1911 saepe,
954 1860 1044 1910 quid
1077 1859 1167 1897 inde
1199 1864 1350 1908 petam.

296 1920 354 1957 An
386 1919 554 1969 populus
585 1930 676 1956 vere
710 1930 822 1956 sanos
856 1924 971 1968 negat
1002 1930 1088 1955 esse
1119 1914 1287 1967 poetas?

357 1977 529 2028 Sumque
562 1976 656 2015 fides
688 1976 804 2015 huius
836 1978 999 2014 maxima
1031 1977 1135 2013 vocis
1169 1972 1274 2025 ego?

299 2036 403 2085 Qui,
435 2034 558 2073 sterili
591 2036 732 2073 totiens
765 2046 853 2072 cum
888 2035 959 2072 sim
992 2034 1179 2083 deceptus
1212 2032 1258 2070 ab
1290 2044 1404 2082 arvo,

356 2093 545 2131 Damnosa
577 2098 709 2143 persto
742 2092 909 2130 condere
943 2104 1074 2130 semen
1108 2091 1249 2129 humo.

236 2160 278 2190 35
301 2150 458 2190 Scilicet
491 2156 550 2190 est
582 2151 746 2201 cupidus
779 2150 996 2188 studiorum
1030 2151 1195 2200 quisque
1229 2160 1413 2199 suorum,

357 2209 527 2259 Tempus
560 2215 597 2247 et
630 2209 787 2247 adsueta
819 2220 964 2259 ponere
997 2209 1036 2245 in
1069 2213 1152 2245 arte
1184 2208 1310 2245 iuvat.

301 2267 463 2306 Saucius
497 2268 621 2305 eiurat
654 2279 820 2318 pugnam
853 2266 1070 2318 gladiator,
1102 2272 1141 2304 et
1171 2265 1273 2303 idem
