1575 2489
571 76 598 107 1.
624 77 821 108 249—316.
1281 73 1363 113 221

64 191 130 223 285
151 183 228 222 Pax
260 189 371 234 erat,
403 187 443 221 et
473 183 622 234 vestri,
655 181 883 220 Germanice
907 213 918 233 ,
950 193 1066 220 causa
1100 182 1312 234 triumphi,

209 240 438 279 Tradiderat
469 240 630 278 famulas
662 242 738 278 iam
772 239 841 278 tibi
871 239 1031 278 Rhenus
1064 252 1206 291 aquas.

151 299 271 350 Iane⁷
302 299 361 337 fac
393 303 572 337 aeternos
604 310 739 348 pacem
770 299 955 349 pacisque
986 299 1210 349 ministros,

209 356 313 395 Neve
346 368 489 408 suum,
520 362 675 407 praesta
693 387 704 407 ,
736 355 891 394 deserat
922 362 1058 395 auctor
1089 368 1210 406 opus.

153 414 264 460 Quod
294 420 424 453 tamen
456 426 503 453 ex
535 415 631 465 ipsis
663 414 773 453 licuit
803 414 899 453 mihi
930 414 1081 453 discere
1113 416 1246 466 fastis,

65 482 132 513 290
212 472 420 511 Sacravere
452 478 583 523 patres
614 472 686 511 hac
718 472 794 511 duo
826 472 969 524 templa
1001 472 1086 511 die.

151 531 312 581 Accepit
342 530 498 568 Phoebo
531 530 777 583 nymphaque
810 530 1002 569 Coronide
1034 536 1168 570 natum

210 588 369 641 Insula,
401 588 555 627 dividua
588 601 702 640 quam
733 591 876 640 premit
907 590 1030 627 amnis
1062 601 1183 640 aqua:

152 647 327 698 Iuppiter
358 649 398 685 in
430 653 538 698 parte
573 653 660 686 est.
693 648 796 698 cepit
827 646 936 686 locus
968 659 1070 686 unus
1103 653 1314 698 utrumque

210 705 425 756 Iunctaque
457 711 549 744 sunt
580 717 719 756 magno
752 705 895 756 templa
926 707 1079 756 nepotis
1112 717 1205 743 avo.

423 808 460 849 2.
493 806 569 848 BF
631 807 668 848 3.
701 806 775 848 OC
836 807 875 847 4.
908 805 987 847 DC

67 900 133 931 295
155 891 249 936 Quis
276 896 378 929 vetat
404 896 443 929 et
474 890 606 929 stellas
621 921 632 941 ‚
664 896 708 928 ut
734 901 911 940 quaeque
938 891 1143 941 oriturque
1169 890 1368 942 caditque,

211 949 350 988 Dicere
370 946 391 987 5>
431 950 614 999 promissi
644 959 734 999 pars
767 954 844 986 stet
875 953 914 987 et
944 949 1028 999 ipsa
1060 949 1160 987 mei.

154 1007 303 1046 Felices
334 1008 513 1058 animae,
546 1005 689 1057 quibus
721 1005 816 1044 haec
849 1018 1085 1057 cognoscere
1118 1008 1253 1057 primis

212 1065 333 1115 Inque
366 1065 505 1103 domus
538 1076 700 1116 superas
733 1064 920 1103 scandere
953 1077 1046 1103 cura
1079 1065 1174 1103 fuit!

156 1123 349 1162 Credibile
381 1131 441 1161 est
471 1122 557 1162 illos
588 1124 735 1174 pariter
766 1124 948 1173 vitiisque
979 1123 1155 1174 locisque

70 1191 136 1222 300
216 1181 340 1220 Altius
371 1181 552 1220 humanis
585 1182 785 1219 exeruisse
817 1187 956 1231 caput.

157 1240 241 1278 Non
273 1239 404 1278 Venus
436 1245 475 1278 et
505 1241 637 1277 vinum
669 1238 848 1277 sublimia
880 1244 1038 1290 pectora
1069 1239 1208 1291 fregit,

216 1297 445 1337 Officiumve
478 1298 553 1336 sori
572 1329 582 1349 ‚
613 1297 819 1336 militiaeve
852 1297 984 1349 labor3

158 1356 238 1395 Nec
269 1356 363 1395 levis
396 1355 553 1394 ambitio
585 1356 822 1406 perfusaque
854 1355 976 1406 gloria
1007 1356 1096 1394 fuco

215 1414 519 1465 Magnarumque
552 1414 672 1452 fames
704 1413 923 1452 sollicitavit
954 1426 1094 1464 opum.

71 1482 137 1512 305
158 1473 372 1511 Admovere
405 1472 528 1511 oculis
560 1471 742 1510 distantia
774 1472 901 1510 sidera
933 1474 1104 1523 nostris,

217 1531 462 1581 Aetheraque
494 1531 650 1581 ingenio
683 1542 927 1581 supposuere
960 1542 1053 1568 suo.

161 1589 224 1628 Sic
255 1591 403 1640 petitur
435 1588 614 1628 caelum:
656 1600 733 1627 non
765 1593 809 1627 ut
840 1589 940 1627 ferat
972 1588 1097 1627 Ossan
1129 1587 1337 1640 Olympus,

217 1647 382 1699 Ipsaque
413 1647 591 1686 Peliacus
624 1647 751 1685 sidera
782 1652 914 1697 tangat
945 1658 1065 1698 apex.

159 1705 238 1744 Nos
271 1717 426 1757 quoque
459 1705 531 1744 sub
563 1705 730 1744 ducibus
763 1705 912 1744 caelum
944 1705 1178 1744 metabimur
1209 1705 1306 1753 illis,

74 1773 140 1803 310
218 1764 492 1814 Ponemusque
525 1776 617 1802 suos
649 1764 695 1802 ad
727 1775 821 1814 vaga
852 1765 962 1814 signa
994 1764 1099 1802 dies.

161 1821 263 1872 Ergo
296 1822 363 1860 ubi
395 1834 471 1860 nox
502 1822 627 1860 aderit
658 1823 833 1860 venturis
865 1824 981 1860 tertia
1012 1822 1156 1874 Nonis,

221 1881 440 1931 Sparsaque
473 1879 634 1918 caelesti
664 1891 754 1918 rore
786 1880 957 1919 madebit
987 1881 1154 1932 humus,

162 1938 361 1989 Octipedis
393 1939 538 1977 frustra
571 1944 810 1989 quaerentur
841 1937 1000 1977 brachia
1032 1938 1195 1977 Cancri:

219 1997 411 2048 Praeceps
445 1996 627 2035 occiduas
658 1996 722 2035 ille
754 1995 899 2035 subivit
930 2009 1070 2047 aquas.

75 2063 141 2094 315
162 2054 382 2094 Institerint
414 2055 545 2094 Nonae
565 2087 576 2107 ‚
608 2056 717 2094 missi
748 2054 820 2093 tibi
851 2054 1021 2094 nubibus
1053 2057 1147 2093 atris

221 2113 336 2166 Signa
368 2113 516 2153 dabunt
546 2113 692 2153 imbres
711 2144 722 2165 7
755 2115 954 2153 exoriente
987 2113 1107 2165 Lyra.
