1575 2489
191 94 276 135 258
728 93 981 126 FASTORUM

366 202 445 240 Iam
477 202 568 239 satis
601 206 660 239 est
690 202 813 239 virtus
845 199 1084 239 dissimulata
1115 197 1225 239 diu.'

222 259 376 299 8451113
407 261 536 297 iacens
569 258 616 296 ad
648 257 764 296 verba
796 257 929 296 oculos
961 259 1043 296 sine
1075 258 1219 296 lumine
1252 259 1394 307 movit,

367 316 532 367 Visaque
565 327 753 354 concussa
785 316 886 354 dicta
916 315 1080 366 probare
1114 328 1246 354 coma.

309 374 451 413 Fertur
482 375 522 411 in
555 375 736 423 exequias
768 374 885 411 animi
916 378 1090 412 matrona
1121 374 1242 412 virilis

368 432 417 470 Et
448 443 580 470 secum
612 431 790 470 lacrimas
821 431 1080 482 invidiamque
1112 431 1254 470 trahit.
1503 443 1541 480 ο

310 489 455 528 Volnus
487 491 600 527 inane
632 494 765 540 patet.
822 488 966 527 Brutus
999 489 1165 528 clamore
1199 489 1370 534 Quirites

221 556 288 587 850
369 547 573 598 eoncitat,
605 552 644 585 et
674 548 777 597 regis
810 546 909 584 facta
939 547 1104 585 nefanda
1134 547 1278 585 refert.

309 605 544 656 Tarquinius
576 617 664 643 cum
696 604 804 655 prole
837 604 962 655 fugit.
1018 606 1120 655 capit
1151 616 1277 643 annua
1309 603 1444 643 consul

369 663 486 702 Iura:
530 662 612 702 dies
644 664 774 713 regnis
806 661 869 700 illa
901 674 1081 713 suprema
1113 662 1207 702 fuit.

607 753 673 795 25.
706 751 790 794 HC
851 752 919 794 26.
952 751 990 792 A
1021 751 1115 793 EN

311 836 525 888 Fallimur,
557 849 604 875 an
635 837 738 874 veris
770 836 1001 886 praenuntia
1031 836 1137 874 venit
1168 834 1335 873 hirundo

367 894 416 933 Et
447 896 613 946 metuit,
645 906 692 932 ne
726 906 801 944 qua
832 905 942 932 versa
973 899 1152 932 recurrat
1183 893 1328 931 hiems.

221 959 288 992 855
311 952 433 1002 Saepe
465 957 593 991 tamen
612 983 623 1004 ‚
655 951 834 1002 Procne,
866 952 1029 989 nimium
1054 963 1285 1002 properasse
1318 951 1517 1002 quereris,

371 1009 514 1060 Virque
546 1016 612 1048 tuo
645 1009 794 1048 Tereus
827 1010 971 1059 frigore
1004 1008 1126 1047 laetus
1159 1010 1256 1048 erit.

567 1100 633 1140 27.
664 1098 700 1138 Β
732 1098 905 1146 EQ-N2
966 1099 1033 1140 28.
1067 1097 1140 1140 CC

311 1182 468 1233 Iamque
501 1182 599 1220 duae
631 1186 779 1220 restant
810 1186 944 1220 noctes
976 1181 1023 1219 de
1055 1193 1187 1219 mense
1220 1181 1414 1233 secundo,

369 1241 549 1291 Marsque
582 1241 679 1278 citos
710 1240 854 1278 iunctis
886 1238 1068 1277 curribus
1100 1245 1213 1290 urget
1245 1252 1388 1290 equos.

310 1298 367 1337 Ex
398 1310 491 1337 vero
522 1299 693 1349 positum
724 1298 938 1348 permansit
968 1296 1150 1347 Equirria
1181 1309 1346 1348 nomen,

224 1365 292 1397 860
372 1356 479 1402 Quae
511 1356 606 1395 deus
637 1357 677 1394 in
710 1355 851 1406 Campo
883 1356 1073 1406 prospicit
1102 1356 1186 1406 ipse
1218 1367 1310 1394 suo.

310 1414 399 1453 Iure
432 1415 540 1452 venis
562 1445 572 1465 ,
604 1413 797 1452 Gradive:
840 1413 969 1452 locum
1000 1418 1065 1452 tua
1096 1418 1271 1464 tempora
1302 1419 1491 1464 poscunt,

371 1472 632 1523 Signatusque
664 1477 730 1510 tuo
763 1472 919 1509 nomine
952 1472 1095 1509 mensis
1127 1470 1258 1510 adest.

313 1530 498 1569 Venimus
530 1532 570 1568 in
602 1535 758 1580 portum
777 1560 787 1580 ‚
820 1528 918 1567 libro
951 1541 1040 1567 cum
1071 1540 1204 1567 mense
1235 1536 1414 1580 peracto.

369 1588 530 1639 Naviget
560 1587 651 1626 hinc
683 1587 755 1625 alia
785 1588 862 1625 iam
893 1586 986 1625 mihi
1017 1586 1132 1625 linter
1164 1599 1282 1638 aqua.

608 1755 791 1809 LIBER
829 1755 1101 1809 TERTIUS.

312 1876 454 1915 Bellice
473 1907 484 1928 ,
516 1877 702 1928 depositis
735 1876 858 1926 clipeo
891 1876 1088 1928 paulisper
1121 1881 1159 1914 et
1189 1876 1320 1928 hasta,

371 1934 502 1987 Mars,
534 1935 624 1973 ades
656 1940 696 1973 et
725 1934 866 1973 nitidas
899 1934 1047 1972 casside
1079 1934 1183 1972 solve
1215 1946 1366 1974 comas.

316 1993 493 2031 Forsitan
524 1994 608 2043 ipse
640 2004 783 2044 roges,
816 1991 908 2043 quid
941 1993 991 2030 sit
1021 2002 1110 2030 cum
1140 1991 1262 2031 Marte
1293 1991 1464 2043 poetae?

374 2051 406 2089 A
436 2056 503 2098 te,
537 2052 604 2101 qui
635 2052 816 2102 canitur,
847 2051 1002 2088 nomina
1034 2051 1177 2088 mensis
1209 2050 1347 2090 habet.

274 2116 293 2147 5
313 2107 399 2159 Ipse
431 2108 538 2147 vides
569 2107 746 2147 manibus
777 2109 910 2158 peragi
941 2108 1021 2145 fera
1052 2107 1152 2145 bella
1182 2108 1399 2148 Minervae:

373 2165 472 2205 Num
505 2167 635 2205 minus
666 2167 844 2217 ingenuis
877 2165 1025 2203 artibus
1056 2165 1120 2203 illa
1151 2164 1292 2205 vacat?

315 2223 480 2262 Palladis
512 2223 686 2275 exemplo
718 2223 918 2274 ponendae
950 2229 1123 2274 tempora
1156 2236 1265 2262 sume

374 2280 581 2332 Cuspidis.
636 2283 809 2320 invenies
841 2287 879 2321 et
910 2281 1013 2332 quod
1044 2282 1205 2320 inermis
1236 2294 1347 2333 agas.
