1575 2489
585 67 628 100 11.
658 69 852 100 704-775.
1301 65 1388 107 255

83 183 150 214 740
229 173 436 213 Inveniunt
466 176 594 224 posito
626 174 856 225 pervigilare
888 186 1020 214 mero.

170 232 262 271 lnde
296 234 372 271 cito
404 244 522 284 passu
554 235 701 283 petitur
733 232 937 271 Lucretia:
982 231 1122 284 nebat,

228 292 326 329 Ante
359 296 487 329 torum
522 291 660 329 calathi
692 291 855 341 lanaque
886 290 1013 328 mollis
1046 297 1150 329 erat.

170 347 318 387 Lumen
350 348 396 387 ad
429 350 610 399 exiguum
643 349 807 387 famulae
840 348 927 387 data
957 360 1077 400 pensa
1109 347 1339 388 trahebant:

229 406 334 445 Inter
368 419 463 457 quas
497 409 605 445 tenui
638 409 693 445 sic
726 408 779 446 ait
809 408 892 458 ipsa
925 418 1044 446 sono:

85 472 150 504 745
172 461 378 503 ‘Mittenda
412 471 471 503 est
503 465 659 503 domino
690 486 736 492 —
767 477 871 504 nunc
890 496 901 517 ,
932 477 1037 503 nunc
1068 470 1299 517 properate,

895 522 1070 574 puellae!
1104 544 1146 550 —

230 580 524 632 Quamprimum
557 587 689 620 nostra
721 582 820 620 saeta
851 581 1005 620 lacerna
1038 593 1176 620 manu.

171 637 272 683 Quid
305 645 434 678 tamen
467 639 608 678 auditis
628 637 649 678 i>
692 652 779 678 nam
812 639 923 691 plura
955 639 1089 678 audire
1121 640 1306 691 potestis:

231 696 428 742 Quantum
460 697 507 736 de
539 697 640 736 bello
673 698 817 736 dicitur
848 710 934 737 esse
967 696 1119 749 super?

174 754 384 793 Postmodo
416 757 516 794 victa
548 755 691 794 cades!
735 756 962 794 melioribus
981 787 992 807 ,
1024 756 1177 805 Ardea,
1210 753 1358 794 restas!

85 820 152 852 750
232 812 398 864 Inproba
418 846 428 865 ‚
461 825 559 865 quae
591 820 747 852 nostros
780 815 886 864 cogis
918 813 1054 853 abesse
1086 815 1213 852 viros,

174 870 259 909 Sint
291 878 441 910 tantum
473 871 667 911 reduces!
712 871 779 910 sed
813 873 915 910 enim
947 873 1179 910 temerarius
1211 871 1274 910 ille

230 929 301 968 Est
332 942 472 982 meus,
505 936 544 968 et
575 931 711 968 stricto
745 929 920 980 quolibet
952 941 1044 969 ense
1076 931 1177 969 ruit.

171 986 281 1026 Mens
313 987 393 1026 abit
424 994 463 1026 et
494 989 639 1026 morior
658 1019 669 1039 ‚
702 989 884 1039 quotiens
915 989 1125 1040 pugnantis
1156 990 1282 1039 imago

230 1045 289 1084 Me
323 1045 456 1098 subit,
489 1053 528 1085 et
560 1045 730 1097 gelidum
762 1052 920 1097 pectora
952 1047 1076 1097 frigus
1107 1043 1268 1085 habet?

84 1112 152 1144 755
174 1103 325 1142 Desinit
355 1106 395 1142 in
428 1104 605 1143 lacrimas
625 1136 635 1156 ,
667 1107 893 1155 intentaque
926 1105 985 1143 sila
1021 1106 1207 1156 remittit,

232 1162 274 1201 ln
307 1163 455 1213 gremio
488 1162 634 1201 voltum
667 1163 925 1214 deposuitque
959 1175 1096 1202 suum.

176 1220 257 1259 Hoc
289 1222 418 1271 ipsum
450 1221 611 1260 decuit:
655 1220 835 1259 lacrimae
867 1221 1035 1260 decuere
1068 1221 1253 1272 pudicae,

232 1278 282 1317 Et
313 1280 430 1318 facies
463 1280 589 1318 animo
622 1278 814 1330 dignaque
846 1291 994 1330 parque
1027 1280 1122 1318 suit.

174 1334 300 1376 ‘Pone
333 1343 508 1388 metum,
540 1339 652 1376 venio
674 1334 704 1376 1’
750 1339 919 1377 coniunx
951 1339 1030 1376 ait.
1086 1337 1148 1377 illa
1180 1337 1342 1388 revixit,

87 1404 157 1435 760
236 1395 369 1447 Deque
401 1397 473 1434 viri
506 1395 604 1434 collo
638 1396 750 1434 dulce
781 1396 967 1447 pependit
999 1408 1120 1435 onus.

176 1454 326 1493 interea
357 1455 508 1492 iuvenis
541 1454 704 1493 furiatos
736 1455 868 1504 regius
899 1456 1000 1504 ignis

234 1512 441 1563 Concipit,
473 1518 512 1551 et
543 1524 658 1550 caeco
691 1518 825 1563 raptus
858 1524 988 1551 amore
1021 1513 1138 1551 furit.

176 1572 313 1610 Forma
344 1570 500 1622 placet,
532 1572 747 1621 niveusque
780 1570 916 1622 color,
948 1571 1113 1622 flavique
1145 1570 1295 1622 capilli,

234 1629 387 1680 Quique
420 1629 553 1668 aderat
584 1628 687 1668 nulla
720 1629 844 1668 sactus
877 1628 924 1667 ab
957 1634 1038 1668 arte
1071 1629 1213 1668 decor:

87 1695 155 1729 765
175 1687 298 1727 Verba
331 1687 485 1738 placent
516 1694 555 1726 et
585 1699 656 1726 vox
677 1719 687 1739 ,
719 1693 758 1726 et
784 1687 886 1739 quod
920 1699 1173 1739 corrumpere
1206 1700 1284 1726 non
1310 1692 1390 1739 est;

233 1746 397 1796 Quoque
429 1747 555 1785 minor
587 1758 677 1797 spes
709 1753 797 1797 est,
829 1745 903 1785 hoc
934 1747 1056 1798 magis
1087 1747 1150 1785 ille
1183 1748 1312 1798 cupit.

176 1805 253 1843 lam
286 1804 446 1843 dederat
477 1809 614 1843 cantus
646 1804 745 1843 lucis
776 1806 1033 1855 praenuntius
1065 1804 1168 1856 ales,

236 1863 332 1902 Cum
364 1864 541 1901 referunt
572 1864 733 1901 iuvenes
764 1864 804 1901 in
837 1874 906 1902 sua
938 1869 1063 1902 castra
1095 1863 1256 1914 pedem.

177 1921 358 1973 Carpitur
390 1923 576 1960 attonitos
608 1920 780 1960 absentis
812 1922 978 1971 imagine
1011 1933 1151 1961 sensus

90 1987 156 2020 770
234 1980 329 2019 Ille.
386 1979 609 2019 recordanti
640 1979 751 2031 plura
784 1981 982 2030 magisque
1014 1980 1192 2030 placent.

177 2038 240 2078 Sic
273 2038 402 2090 sedit,
434 2040 490 2078 sic
523 2038 625 2077 culta
657 2039 760 2088 suit,
793 2039 848 2077 sic
881 2040 1043 2077 stamina
1075 2039 1203 2089 nevit,

234 2097 440 2148 Neglectae
473 2096 570 2136 collo
603 2098 659 2136 sic
691 2098 846 2136 iacuere
879 2109 1035 2148 comae,

176 2154 255 2195 Hos
287 2155 422 2194 hahuit
453 2155 579 2194 voltus
598 2187 609 2208 ,
641 2155 736 2194 haec
768 2155 824 2194 illi
855 2154 971 2194 verba
1003 2156 1186 2207 fuerunt,

235 2213 306 2253 Hic
338 2214 444 2253 color
463 2246 473 2265 ,
504 2214 599 2253 haec
632 2215 778 2266 facies,
810 2214 872 2253 hic
905 2214 1023 2253 decor
1055 2215 1133 2252 oris
1166 2218 1273 2252 erat.

91 2279 156 2311 775
177 2271 226 2311 Ut
258 2272 356 2312 solet
387 2286 407 2312 a
438 2285 576 2325 magno
608 2273 751 2313 ssuctus
784 2272 1037 2324 languescere
1068 2273 1186 2326 ssatu,
