1575 2489
547 72 610 104 111.
637 79 652 103 1
674 73 821 104 107—11
842 72 895 103 11.
1304 67 1386 110 169

232 181 308 220 Per
339 192 473 219 rerum
503 178 658 218 turbam
690 183 733 217 tu
766 189 921 229 quoque
955 183 1110 228 oportet
1142 189 1206 216 eas
1221 176 1249 227 .]

90 248 154 280 145
176 240 272 279 Cum
303 238 374 277 tihi
406 239 613 288 contigerit
644 236 792 276 vultum
826 236 985 275 Iunonis
1017 236 1148 287 adire,

233 297 310 335 Fac
342 298 395 335 sis
429 307 619 347 personae
638 326 648 343 ‚
682 307 797 345 quam
831 301 964 334 tueare
983 325 994 346 ‚
1026 306 1200 333 memor.

175 356 255 395 Nec
288 356 430 393 sactum
464 353 628 392 defende
654 365 813 392 meum.
864 352 961 392 mala
987 365 1101 392 causa
1128 350 1275 391 silenda
1307 356 1387 390 est.

234 413 296 452 Nil
327 414 403 451 nisi
435 412 622 450 sollicitae
656 413 734 450 sint
765 417 830 450 tua
861 411 978 450 verba
1008 423 1169 462 preces.

176 472 276 511 Tum
307 471 475 510 lacrimis
502 470 691 509 demenda
722 482 830 508 mora
857 475 938 517 est,
971 470 1256 520 summissaque
1285 474 1389 507 terra

91 539 155 570 150
234 530 290 568 Ad
322 541 401 568 non
433 528 605 567 mortalis
637 528 793 567 brachia
827 528 940 567 tende
972 527 1115 580 pedes.

177 589 277 627 Tum
308 592 396 639 pete
429 587 483 625 nil
515 587 617 625 aliud
637 617 648 638 ‚
681 599 793 625 saevo
826 588 903 624 nisi
935 585 981 625 ab
1013 586 1125 624 hoste
1157 585 1360 624 recedam:

235 645 396 684 Hostem
428 646 624 684 fortunam
657 646 708 683 sit
739 646 832 683 satis
865 657 951 683 esse
983 644 1100 683 mihi.

176 705 294 744 Plura
326 704 483 755 quidem
516 703 711 742 subeunt:
761 703 829 741 sed
862 702 1080 741 disturbata
1111 703 1250 741 timore

236 762 340 801 Haec
373 775 529 813 quoque
562 763 624 800 vix
655 763 802 812 poteris
835 773 928 799 voce
962 766 1153 799 tremente
1185 760 1314 810 loqui.

94 830 157 861 155
180 821 367 872 Suspicor
399 821 473 858 hoc
505 820 644 859 damno
676 820 758 857 sore
792 831 869 857 non
900 818 972 857 tibi
993 849 1001 857 .
1055 819 1199 857 sentiet
1229 817 1294 856 illa

237 880 291 918 Te
322 880 564 917 maiestatem
595 878 845 928 pertimuisse
879 889 1011 915 suam.

177 938 256 977 Nec
289 943 354 976 tua
386 938 419 975 si
450 937 544 975 fletu
576 935 805 974 scindentur
837 934 982 987 verba,
1014 934 1193 973 nocebit.

235 995 437 1034 Interdum
468 994 648 1033 lacrimae
680 993 853 1044 pondera
884 995 989 1032 vocis
1020 993 1187 1032 habent.

178 1054 261 1093 Lux
294 1055 408 1092 etiam
441 1054 589 1103 coeptis
621 1052 736 1090 facito
769 1051 870 1090 bona
901 1051 1043 1091 talibus
1076 1052 1199 1103 adsit,

94 1122 158 1153 160
237 1112 419 1162 Horaque
452 1112 688 1150 conveniens
720 1111 1016 1161 auspiciumque
1049 1110 1206 1148 favens.

181 1171 256 1210 Sed
288 1172 398 1221 prius
428 1171 610 1219 imposito
643 1170 786 1207 sanctis
818 1168 1004 1207 altaribus
1035 1170 1115 1219 igni

239 1229 345 1267 Tura
364 1229 435 1266 ser
467 1227 513 1266 ad
545 1239 705 1277 magnos
737 1228 903 1277 vinaque
935 1239 1033 1277 pura
1065 1226 1185 1265 deos.

183 1287 231 1338 [E
265 1286 407 1338 quihus
439 1291 526 1324 ante
559 1287 685 1324 omnis
716 1285 935 1335 Augustum
968 1297 1113 1323 numen
1145 1284 1285 1337 adora,

238 1346 549 1395 Progeniemque
581 1345 682 1394 piam
702 1375 712 1395 ‚
744 1345 1053 1394 participemque
1084 1345 1161 1382 tori
1176 1342 1202 1392 .]

96 1414 161 1444 165
183 1405 269 1443 Sint
300 1405 449 1442 utinam
481 1404 595 1441 mites
627 1402 740 1440 solito
773 1401 842 1440 tibi
875 1414 1013 1452 more,
1044 1407 1210 1452 tuasque
1339 1409 1395 1442 (⁷9)

240 1462 325 1501 Non
358 1462 467 1500 duris
499 1460 677 1499 lacrimas
710 1459 880 1498 vultibus
914 1459 1125 1511 aspiciant!

702 1588 760 1636 Π.

184 1695 307 1741 Quam
338 1694 434 1745 legis
466 1706 487 1732 a
518 1693 631 1733 nobis
663 1695 821 1732 missam
852 1693 952 1745 tibi,
985 1693 1126 1746 Cotta,
1158 1693 1345 1747 salutem,

242 1753 359 1792 Missa
391 1754 442 1791 sit
472 1757 517 1791 ut
547 1764 638 1791 vere
669 1754 976 1804 pervigeatque,
1007 1764 1170 1803 precor.

184 1812 358 1862 Namque
391 1812 488 1849 meis
520 1823 654 1862 sospes
687 1810 853 1850 multum
885 1810 1124 1849 cruciatibus
1157 1811 1310 1862 aufers,

242 1870 369 1921 thue
403 1871 453 1908 sit
483 1871 522 1908 in
554 1869 667 1908 nobis
698 1881 789 1920 pars
820 1868 921 1908 bona
953 1869 1080 1921 salva,
1112 1869 1230 1907 facis.

144 1938 163 1968 5
185 1928 359 1979 Cumque
393 1927 525 1966 labent
556 1928 704 1979 aliqui,
735 1929 951 1978 iactataque
984 1927 1067 1966 vela
1099 1927 1346 1978 relinquant,

242 1987 302 2026 Tu
332 1987 483 2025 lacerae
514 1998 695 2025 remanes
727 1997 868 2024 ancora
901 1985 981 2024 sola
1012 1987 1109 2025 rati.

185 2045 300 2084 Grata
331 2051 396 2084 tua
428 2050 488 2084 est
518 2046 637 2096 igitur
668 2046 821 2095 pietas.
878 2045 1116 2095 ignoscimus
1148 2043 1247 2095 illis,

244 2103 319 2149 Qui
351 2115 440 2142 cum
471 2104 628 2142 fortuna
659 2109 768 2154 terga
800 2102 942 2141 dedere
975 2103 1111 2153 fugae.

184 2162 280 2201 Cum
312 2162 454 2200 feriant
484 2174 606 2201 unum
625 2192 636 2214 ,
669 2174 747 2200 non
779 2173 901 2200 unum
934 2159 1094 2199 fulmina
1126 2165 1299 2209 terrent,

124 2228 165 2259 10
245 2220 459 2271 Iunctaque
491 2232 680 2272 percusso
713 2219 828 2259 turha
860 2231 1001 2270 pavere
1035 2219 1153 2258 solet.

187 2278 362 2329 Cumque
396 2278 502 2318 dedit
533 2280 662 2330 paries
695 2283 883 2317 venturae
916 2279 1024 2329 signa
1056 2279 1216 2329 ruinae,
