1575 2489
536 107 577 140 V.
604 114 636 140 11
654 109 797 140 43—111
815 108 872 139 35.
1312 103 1366 145 85

662 237 744 285 III.

154 330 221 369 Illa
253 331 335 369 dies
366 330 461 368 haec
494 335 583 381 est,
614 341 689 380 qua
721 335 758 368 te
792 329 989 369 celebrare
1020 334 1182 380 poetae,

156 388 199 426 Si
229 388 343 427 modo
375 399 452 426 non
486 387 623 426 fallunt
654 394 828 437 tempora
847 418 858 439 ,
889 386 1039 426 Bacche
1058 418 1070 438 ‚
1100 386 1250 438 solent,

154 446 346 497 Festaque
378 445 549 484 odoratis
580 447 786 484 innectunt
817 450 993 496 tempora
1024 446 1164 496 serm,

155 503 205 542 Et
236 504 371 542 dicunt
402 503 537 542 laudes
569 503 616 541 ad
648 508 714 542 tua
746 505 832 541 vina
863 508 973 542 tuas.

114 569 135 600 5
155 561 263 600 Inter
294 573 392 612 quos
412 592 423 613 ,
454 563 643 613 memini,
676 561 768 599 dum
798 573 859 600 me
891 571 976 599 mea
1007 560 1081 599 fata
1115 558 1318 611 sinebant,

155 619 239 657 Non
270 620 393 658 invisa
424 619 496 658 tibi
527 631 617 670 pars
650 631 720 670 ego
753 631 866 670 saepe
898 619 979 669 sui,

156 677 281 723 Quem
312 689 417 716 nunc
450 679 695 728 suppositum
729 677 850 715 stellis
883 675 1146 727 Cynosuridos
1177 673 1299 713 Ursae

155 734 291 774 Iuncta
323 741 431 774 tenet
463 735 595 774 crudis
628 735 813 773 Sarmatis
846 745 913 772 ora
946 733 1076 772 Getis.

157 793 311 844 Quique
342 795 452 844 prius
484 793 639 832 mollem
670 804 908 843 vacuamque
941 790 1140 830 laboribus
1173 792 1235 841 egi

94 859 134 890 ιο
154 851 198 890 In
230 851 370 890 studiis
401 853 516 890 vitam
548 850 825 901 Pieridumque
858 849 1001 901 choro,

154 909 266 948 Nunc
296 909 435 960 procul
467 922 487 948 a
518 910 642 959 patria
674 908 819 947 Geticis
852 909 1122 947 circumsonor
1153 908 1297 959 armis,

155 966 275 1006 Multa
307 969 417 1018 prius
449 967 584 1018 pelago
617 966 815 1017 multaque
847 973 987 1017 passus
1018 965 1159 1005 humo.

156 1025 245 1064 Sive
276 1025 372 1063 mihi
404 1037 516 1064 casus
549 1027 628 1063 sive
660 1025 735 1064 hoc
767 1024 873 1063 dedit
903 1026 961 1063 ira
993 1024 1181 1075 deorum,

155 1083 294 1122 Nubila
327 1085 501 1122 nascenti
532 1095 601 1122 seu
634 1083 728 1122 mihi
759 1083 880 1121 Parca
911 1083 1008 1134 fuit,

94 1149 136 1180 15
157 1142 217 1180 Tu
248 1147 378 1180 tamen
410 1154 430 1180 e
464 1143 584 1180 sacris
616 1141 782 1179 hederae
816 1140 1032 1183 cultoribus
1064 1151 1188 1179 unum

157 1199 325 1238 Numine
357 1199 549 1238 debueras
582 1201 815 1238 sustinuisse
848 1204 939 1237 tuo.

156 1258 215 1296 An
247 1257 423 1296 dominae
456 1258 524 1296 fati
556 1258 742 1308 quicquid
775 1258 954 1295 cecinere
987 1267 1167 1308 sorores,

158 1315 282 1354 Omne
315 1315 387 1354 sub
420 1315 581 1354 arbitrio
615 1315 758 1354 desinit
790 1327 875 1353 esse
908 1312 1004 1353 dei‘?

157 1374 244 1424 Ipse
278 1386 433 1424 quoque
465 1374 656 1412 aetherias
689 1375 839 1412 meritis
871 1375 1049 1411 invectus
1082 1384 1124 1410 es
1156 1384 1288 1420 arces,

93 1438 137 1470 20
158 1431 243 1477 Quo
275 1443 353 1469 non
386 1433 524 1482 exiguo
557 1432 657 1469 sacta
688 1431 819 1469 labore
851 1433 910 1469 via
943 1436 1025 1469 est.

156 1489 236 1527 Nec
268 1490 391 1540 patria
424 1495 483 1527 est
513 1489 682 1528 habitata
714 1489 784 1527 tibi
804 1519 815 1539 ‚
846 1488 914 1527 sed
947 1488 1120 1539 adusque
1153 1490 1332 1527 nivosum

159 1547 365 1598 Strymona
397 1548 540 1586 venisti
570 1547 887 1597 Marticolamque
921 1545 1045 1585 Geten

158 1605 396 1656 Persidaque
430 1611 468 1644 et
499 1605 575 1644 lato
609 1607 840 1656 spatiantem
872 1605 1031 1643 flumine
1064 1604 1246 1656 Gangen,

159 1663 209 1702 Et
240 1675 506 1714 quascumque
538 1663 636 1702 bibit
668 1663 826 1702 decolor
858 1662 977 1701 Indus
1008 1675 1150 1713 aquas.

96 1727 140 1759 25
162 1721 320 1760 Scilicet
350 1721 449 1760 hanc
480 1721 605 1772 legem
637 1727 775 1760 nentes
807 1721 934 1759 satalia
964 1720 1110 1759 Parcae

161 1779 332 1818 Stamina
364 1779 424 1817 bis
456 1781 586 1830 genito
618 1779 677 1818 bis
710 1781 889 1818 cecinere
919 1778 1012 1818 tibi.

158 1837 219 1876 Me
252 1849 407 1888 quoque
426 1869 437 1889 ,
470 1839 504 1876 si
535 1838 591 1876 fas
624 1843 684 1876 est
714 1837 902 1888 exemplis
933 1838 990 1875 ire
1022 1836 1207 1888 deorum,

160 1894 303 1934 Ferrea
335 1907 421 1934 sors
452 1897 552 1934 vitae
584 1895 830 1946 difficilisque
862 1897 1027 1946 premit.

160 1952 228 1991 lllo
259 1965 332 1992 nec
363 1953 486 1992 levius
518 1953 670 2006 cecidi,
703 1961 819 2005 quem
851 1965 988 2004 magna
1019 1953 1192 1992 locutum

98 2017 142 2050 30
162 2010 345 2062 Reppulit
376 2023 396 2050 a
428 2011 572 2050 Thebis
603 2011 778 2063 Iuppiter
809 2013 898 2063 igne
932 2023 1026 2050 suo.

160 2068 211 2107 Ut
241 2075 369 2108 tamen
401 2070 543 2108 audisti
573 2081 804 2121 percussum
838 2069 999 2108 fulmine
1031 2073 1181 2121 vatem,

161 2127 370 2166 Admonitu
403 2130 538 2167 matris
570 2128 817 2167 condoluisse
849 2134 984 2179 potes,

162 2183 211 2223 Et
242 2191 382 2235 potes,
414 2187 606 2237 aspiciens
639 2188 786 2226 circum
819 2191 885 2224 tua
917 2197 1026 2223 sacra
1056 2188 1214 2236 poetas,

163 2239 318 2281 ‘Nescio
350 2245 437 2294 quis
470 2241 609 2283 nostri'
641 2245 771 2283 dicere
804 2240 947 2282 ‘cultor
979 2239 1115 2282 abest?

99 2307 142 2338 35
163 2299 262 2353 Fer,
293 2300 394 2340 bone
425 2301 565 2354 Liber,
597 2314 739 2354 opem:
785 2302 841 2340 sic
873 2301 993 2341 altera
1019 2301 1203 2352 degravet
1227 2300 1378 2340 ulmum
