1575 2489
502 83 529 115 Ι.
557 91 633 116 vm
654 85 773 117 'Il-x
793 85 824 115 8.
1249 84 1328 122 141

117 190 220 229 llaec
252 189 347 228 mihi
372 189 489 228 verba
522 189 643 229 malae
676 192 904 229 minuerunt
935 190 1058 228 taedia
1091 191 1213 229 vitae.

178 249 283 293 Quae
316 253 358 286 tu
390 259 439 286 ne
471 248 647 300 suerint,
679 248 843 287 Maxime
864 280 874 299 ,
905 260 1028 300 vana,
1062 260 1175 287 cave.

116 306 202 345 IIuc
235 318 390 357 quoque
422 312 630 344 venturum
663 307 756 345 mihi
788 319 829 345 se
861 308 990 345 iurare
1023 305 1198 358 volebat,

175 364 260 402 Non
293 365 368 402 nisi
400 369 439 403 te
470 364 608 414 longae
639 366 700 403 ius
733 364 806 403 sibi
838 365 952 404 dante
985 366 1091 403 viae.

54 431 97 462 35
118 422 212 461 Nam
245 428 310 461 tua
343 434 420 460 non
452 422 525 460 alio
559 422 678 461 coluit
708 422 921 473 penetralia
953 425 1055 474 ritu,
1271 428 1330 462 (32)

177 480 388 519 Terrarum
421 480 598 519 dominos
630 493 745 531 quam
778 481 872 520 colis
904 483 988 532 ipse
1020 481 1135 519 deos.

117 539 240 577 Crede
272 538 396 591 mihi,
428 538 572 577 multos
603 539 746 577 habeas
779 551 866 578 cum
900 539 1040 589 dignus
1073 540 1242 591 amicos,

174 596 259 635 Non
291 598 365 635 suit
397 609 416 635 e
450 597 582 635 multis
615 597 788 648 quolibet
820 597 883 636 ille
916 599 1066 636 minor.

118 655 158 693 Si
191 655 304 694 modo
337 668 414 693 nou
447 667 588 694 census
620 668 692 694 nec
726 656 871 694 clarum
905 668 1047 694 nomen
1080 667 1263 707 avorum,

52 722 97 753 40
178 713 253 752 Sed
286 713 461 764 probitas
493 726 652 764 magnos
684 715 961 764 ingeniumque
994 714 1109 754 facit.

116 771 205 810 Iure
238 773 357 822 igitur
389 772 566 810 lacrimas
600 771 710 810 Celso
742 771 908 810 libamus
940 771 1142 823 adempto,

176 830 273 868 Cum
305 830 509 881 sugerem,
542 831 626 868 vivo
660 842 754 880 quas
786 830 893 868 dedit
922 829 986 868 ille
1019 830 1135 868 mihi:

117 887 297 927 Carmina
328 890 413 927 iure
446 889 582 927 damus
614 900 723 926 raros
755 890 938 926 testantia
970 900 1122 939 mores,

176 946 224 984 Ut
255 952 320 984 tua
353 948 507 985 venturi
539 948 722 997 uomina,
755 946 865 985 Celse
885 978 895 998 ,
927 947 1078 997 legant.

50 1013 95 1044 45
118 1004 200 1043 Hoc
232 1010 319 1055 est,
353 1004 454 1055 quod
488 1006 634 1055 possim
667 1004 813 1043 Geticis
845 1004 914 1043 tibi
941 1007 1095 1044 mittere
1129 1004 1175 1043 ab
1208 1006 1332 1043 arvis:

174 1062 256 1101 Hoc
289 1063 414 1101 solum
447 1069 531 1113 est,
568 1064 656 1101 istic
689 1063 791 1114 quod
824 1063 947 1114 liquet
980 1075 1066 1102 esse
1098 1075 1251 1101 meum.

114 1121 266 1160 Funera
300 1133 376 1159 non
408 1123 518 1172 potui
550 1123 763 1173 comitare,
796 1134 867 1160 nec
900 1134 1047 1173 ungere
1080 1134 1246 1172 corpus:

173 1180 281 1230 Aque
314 1181 392 1218 tuis
424 1185 505 1217 toto
538 1179 689 1218 dividor
721 1179 815 1218 orbe
848 1182 976 1230 rogis.

118 1238 191 1284 Qui
224 1239 380 1289 potuit,
413 1249 528 1288 quem
561 1243 604 1276 tu
636 1250 706 1288 pro
739 1239 899 1277 numine
931 1240 1041 1277 vivus
1073 1237 1265 1289 habebas,

50 1305 95 1335 50
175 1296 374 1335 Praestitit
406 1296 579 1335 officium
610 1296 799 1335 Maximus
831 1309 945 1335 omne
978 1296 1070 1335 tibi.

117 1354 183 1393 Ille
216 1353 287 1393 tibi
318 1355 502 1405 exequias
535 1359 572 1393 et
604 1356 733 1405 magui
766 1356 882 1393 sunus
914 1355 1074 1393 honoris

176 1412 313 1464 Fecit,
346 1418 384 1451 ct
415 1415 453 1450 in
487 1412 634 1463 gelidos
667 1415 788 1451 versit
819 1425 968 1452 amoma
1001 1415 1132 1465 sinus,

118 1471 237 1509 Diluit
268 1476 306 1509 et
337 1470 507 1509 lacrimis
540 1483 717 1509 maerens
750 1477 946 1522 unguenta
978 1472 1174 1523 profusis,

176 1529 350 1579 Ossaque
384 1530 507 1568 vicina
541 1529 694 1567 condita
727 1531 823 1568 texit
855 1529 997 1568 humo.

52 1596 95 1627 55
117 1587 191 1632 Qui
222 1588 405 1639 quoniam
438 1589 621 1626 extinctis
654 1600 752 1638 quae
785 1587 930 1640 debet,
971 1593 1143 1639 praestat
1175 1589 1332 1641 amicis,

174 1645 224 1684 Et
255 1657 326 1684 nos
358 1647 540 1685 extinctis
572 1646 828 1685 adnumerare
860 1652 1011 1698 potest.

638 1774 692 1821 X.

116 1877 216 1917 Naso
249 1891 319 1917 suo
351 1879 542 1930 profugus
574 1881 693 1918 mittit
725 1879 824 1931 tibi,
856 1879 993 1918 Flacce
1013 1910 1024 1931 ,
1057 1879 1244 1919 salutem:
1275 1885 1332 1922 (33)

174 1937 327 1975 Mittere
360 1949 443 1976 rem
478 1939 630 1989 siquis,
664 1950 739 1989 qua
771 1944 878 1977 caret
908 1939 1021 1989 ipse,
1053 1943 1206 1988 potest.

115 1994 271 2045 Longus
305 1997 407 2034 enim
441 1998 547 2034 curis
578 1997 755 2035 vitiatum
788 2008 931 2047 corpus
964 1997 1104 2034 amaris

174 2052 258 2091 Non
290 2055 436 2104 patitur
468 2056 571 2093 vires
601 2054 765 2106 languor
797 2054 941 2093 habere
974 2066 1087 2092 suas.

83 2119 102 2149 5
123 2111 202 2149 Nec
234 2111 343 2150 dolor
375 2112 476 2151 ullus
509 2113 646 2165 adest,
678 2125 751 2152 nec
783 2112 959 2152 febribus
991 2124 1086 2151 uror
1118 2112 1290 2164 anhelis,

175 2169 224 2208 Et
254 2172 403 2221 peragit
435 2170 537 2209 soliti
569 2183 665 2210 vena
697 2173 846 2210 tenoris
878 2173 976 2210 iter.

117 2228 169 2266 Os
201 2227 321 2266 hebes
354 2234 441 2281 est,
473 2230 701 2281 positaeque
733 2235 890 2268 movent
921 2229 1073 2267 fastidia
1104 2241 1285 2282 mensae,

175 2285 224 2324 Et
255 2298 398 2337 queror
417 2319 427 2339 ,
459 2289 573 2326 invisi
607 2300 695 2327 cum
728 2290 833 2327 venit
864 2288 958 2326 hora
991 2287 1091 2326 cibi.
