1601 2484
187 100 324 136 XXXX

188 223 222 248 v.
265 212 358 248 143.
433 221 500 247 ars
536 211 618 246 erat
653 208 721 245 illa
758 207 1012 255 interpretor:
1050 207 1148 244 illud
1185 206 1288 256 quod
1325 208 1512 254 superest,

188 280 262 315 ars,
294 268 366 305 hoc
398 270 470 315 est,
502 265 695 303 artificum
722 264 953 302 Curensium
981 265 1105 312 labor,
1137 266 1182 302 ut
1207 266 1267 302 est
1291 264 1404 301 Pont.
1430 263 1513 300 IIII

187 334 203 362 Ι
242 327 313 373 29,
350 325 438 362 fuit.
512 326 613 361 artes
650 322 726 360 dici
762 323 889 360 solent
925 322 1028 370 apud
1064 323 1225 370 latinos,
1271 321 1339 358 sed
1373 319 1512 368 τέχνη,

188 381 372 429 τέχνημα
406 381 538 430 graeci
572 382 723 430 poetae.
878 377 960 418 158
993 388 1167 419 SECUTA
1197 387 1351 417 VICEM.
1422 379 1514 416 libri

189 444 315 478 secuta
359 442 496 477 virum.
645 435 728 476 391
774 446 985 476 HOSPITIO
1029 446 1246 476 IUNCTUM.
1318 436 1410 474 libri
1451 437 1514 474 ho-

187 500 300 545 spitio
330 499 515 540 iuuenem,
549 508 646 546 quae
672 496 852 534 Herculis
883 499 992 533 aetas
1018 507 1255 545 quamquam
1279 494 1320 532 Π
1347 495 1428 532 305
1455 494 1512 532 in-

187 556 356 604 dicatur,
399 567 478 593 non
513 555 721 593 videbatur
758 554 964 592 convenire
1001 553 1274 602 appellationi,
1314 564 1413 602 quae
1452 555 1515 589 ter

187 613 299 651 adest
328 626 390 652 VV.
413 614 495 652 388
518 614 612 651 394.
687 624 731 650 ac
761 612 917 650 videtur
946 612 1161 659 hospitium
1190 611 1382 649 traditum
1411 611 1511 647 inter

189 671 396 709 Chironem
428 674 468 709 et
499 671 709 709 Herculem
741 669 951 708 secundum
983 669 1176 708 Theocrit.
1208 678 1275 707 VII
1308 669 1408 716 149,
1445 668 1515 705 ubi

188 730 305 767 schol.
339 730 451 768 ποιεῖ
481 727 528 767 δὲ
559 727 633 767 τὸν
662 725 850 775 Χείρωνα
882 724 1276 774 ευναποδεχόμενον
1301 726 1360 777 τῷ
1386 722 1514 775 Φόλῳ

185 785 262 825 τὸν
293 783 513 835 Ἡρακλέα,
545 789 585 825 et
615 786 798 824 Philostr.
830 785 922 822 Her.
954 798 990 834 p.
1025 786 1126 832 308,
1160 786 1214 823 20
1246 784 1366 833 Kays.
1398 780 1514 830 θαμί-

187 846 272 884 Ζειν
315 843 360 883 δὲ
405 843 472 884 καὶ
513 842 718 893 Ἡρακλέα
760 844 820 894 τῷ
859 840 1053 891 Χείρωνι,
1099 839 1170 881 ὅτε
1214 840 1266 890 μὴ
1310 837 1514 887 ἀπάγοιεν

189 901 318 941 αὐτὸν
350 900 389 941 οἱ
420 899 552 941 ἆθλοι.

304 958 410 999 LIB.
447 957 510 999 VI
545 958 602 999 40
642 969 672 998 A
708 968 862 998 NL'LLO
903 967 1084 997 NOMINA
1125 966 1274 997 MENSE
1313 965 1514 995 TRAHAM.

189 1020 326 1057 obelus
369 1018 570 1068 ponendus
617 1021 719 1067 erat,
763 1018 795 1056 si
831 1017 1105 1065 interpretatio
1141 1017 1252 1054 nulla
1289 1017 1516 1064 suppeteret

186 1080 345 1126 praeter
375 1079 578 1126 vulgarem
610 1079 650 1114 et
679 1080 857 1114 veterum
882 1075 1214 1123 scholasticorum,
1247 1086 1341 1124 quas
1368 1073 1512 1111 adscri-

189 1136 252 1184 psi
277 1136 319 1172 in
346 1134 404 1173 ed.
424 1135 547 1173 Reim.
617 1134 744 1184 quivis
768 1134 914 1171 mensis
933 1133 1116 1181 Lucinae,
1142 1144 1241 1182 quae
1265 1133 1371 1170 luces
1396 1131 1515 1180 dedit,

189 1193 308 1231 debet
339 1193 498 1242 aliquid,
529 1194 576 1230 ut
605 1205 641 1231 v.
676 1194 726 1230 79
761 1193 832 1239 est,
863 1203 1004 1229 nomen
1033 1191 1143 1228 fecit:
1175 1203 1221 1228 ea
1251 1190 1409 1227 nomina
1438 1201 1517 1226 non

188 1251 264 1288 nisi
295 1252 343 1288 ab
376 1263 452 1288 uno
484 1250 557 1287 dea.
580 1247 681 1287 velit
705 1250 862 1292 trahere,
888 1252 995 1297 puto,
1026 1249 1226 1296 retrahere,
1256 1250 1303 1285 ut
1328 1250 1388 1285 est
1413 1246 1516 1295 apud

190 1309 371 1347 Tacitum
395 1309 494 1346 Ann.
514 1308 612 1345 XIII
634 1309 686 1345 23
707 1308 919 1346 oblitterata
943 1308 1089 1345 aerarii
1111 1307 1267 1344 nomina
1290 1305 1515 1348 retrahebat,

190 1367 295 1415 apud
332 1367 560 1405 Terentium
597 1366 739 1404 Heaut.
779 1366 861 1403 678
908 1365 1097 1403 retrahere
1134 1363 1369 1411 (fhcyz‘tz'vam)
1401 1374 1517 1410 pecu-

189 1427 318 1470 mam,-
350 1426 498 1463 z‘rcdaeere
527 1425 703 1463 decumas
734 1423 839 1472 apud
870 1422 1095 1460 Ciceronem
1124 1421 1237 1460 Verr.
1267 1421 1329 1458 HI
1361 1422 1443 1459 227
1476 1421 1517 1457 in

189 1484 303 1521 libris
335 1483 583 1532 quibusdam3
615 1483 831 1520 contrahere
853 1483 1060 1528 pecuniam
1091 1480 1187 1517 satis
1217 1480 1392 1528 vulgare.

194 1538 276 1579 178
319 1549 516 1580 MISERAT
559 1549 678 1578 ANTE
725 1547 880 1578 FERAS.
951 1539 1048 1576 nihil
1092 1538 1222 1575 sanius
1265 1537 1338 1575 hoe
1388 1549 1515 1574 versu.

193 1600 302 1637 tellus
333 1601 392 1636 est
425 1610 523 1648 quae
554 1600 645 1647 post
674 1610 795 1647 aquas
829 1599 930 1644 173,
963 1608 1093 1634 aerem
1128 1597 1227 1642 175,
1264 1596 1321 1633 ita
1351 1607 1516 1632 comme-

191 1656 382 1695 moranda
413 1659 509 1705 erat,
540 1658 585 1694 ut
616 1656 729 1693 Pont.
759 1656 779 1693 I
808 1663 839 1693 X
859 1657 882 1693 9
917 1654 1024 1702 Quod
1052 1665 1169 1697 mare,
1200 1654 1299 1701 quod
1329 1653 1437 1691 tellus
1465 1673 1513 1678 —

193 1735 248 1740 —
286 1716 384 1762 quod
420 1716 553 1753 educat
583 1725 666 1762 aer,
706 1714 798 1751 Met.
836 1712 936 1749 VIII
968 1713 1052 1750 830
1089 1712 1188 1760 quod
1215 1714 1376 1759 pontus,
1419 1711 1518 1758 quod

195 1777 310 1822 terra,
341 1774 439 1820 quod
469 1774 603 1811 educat
633 1783 708 1810 aer.
782 1783 829 1809 ea
860 1774 957 1813 ante,
988 1770 1060 1808 hoc
1085 1772 1156 1818 est,
1182 1769 1287 1817 olim,
1318 1770 1364 1806 ut
1388 1768 1407 1805 I
1433 1770 1516 1807 337

193 1831 294 1869 Ante
324 1832 410 1869 deos
440 1831 582 1869 homini
611 1830 707 1877 rell„
739 1829 774 1865 V
802 1830 882 1867 198
909 1830 1115 1876 fortunatis
1146 1831 1232 1866 ante
1261 1829 1381 1875 fuisse
1411 1828 1517 1875 viris,

193 1889 251 1926 VI
281 1890 362 1927 265
396 1900 491 1937 qnae
519 1900 621 1927 omne
655 1890 797 1930 manet,
836 1890 922 1925 ante
957 1888 1092 1934 fuisse,
1135 1898 1182 1924 ea
1222 1886 1346 1936 igitur
1383 1886 1517 1933 captas

193 1947 462 1996 undecumque
497 1946 602 1985 feras
638 1946 680 1983 in
715 1945 910 1994 leporaria
946 1944 988 1982 eb
1031 1940 1307 1992 παραδείεουε
1346 1943 1519 1991 miserat,

192 2005 261 2043 ubi
292 2005 503 2043 alerentur.
651 2001 735 2042 316
773 2010 1045 2049 STRATAQUE
1077 2010 1179 2040 ERA.
1250 2001 1343 2038 libri
1367 2000 1519 2039 Strata-

193 2075 263 2111 que
294 2067 386 2111 erat,
418 2062 613 2101 locutione
643 2061 879 2100 inconcinna.
955 2061 1075 2099 etiam
1106 2060 1252 2098 Seneca
1281 2059 1380 2108 Epp.
1401 2057 1520 2096 XIIII

193 2130 227 2159 ΙΙ
267 2123 319 2160 23
350 2133 511 2170 panem,
548 2132 656 2168 quem
684 2121 813 2168 primo
856 2120 951 2158 einis
987 2119 1135 2157 calidus
1171 2121 1205 2156 et
1239 2118 1388 2165 fervens
1427 2119 1521 2155 testa

190 2181 368 2228 pei-coxit,
401 2179 497 2217 Cato
529 2179 576 2217 de
606 2191 636 2216 r.
668 2191 699 2216 r.
730 2186 872 2216 LXXVI
903 2178 1038 2225 focum,
1069 2177 1135 2214 ubi
1165 2187 1314 2223 coquas,
1347 2175 1521 2222 calfacito

194 2239 283 2276 bene
308 2241 341 2276 et
365 2241 508 2276 testum.
569 2237 637 2275 sed
660 2236 781 2274 fiebat
803 2236 844 2272 id
868 2247 938 2284 per
965 2246 1082 2282 eram,
1113 2236 1345 2280 matronam,
1377 2233 1437 2270 uti
1462 2234 1522 2270 est

193 2309 254 2334 vv.
289 2297 370 2334 531
407 2297 501 2335 532.
651 2291 735 2333 349
761 2301 939 2332 nonum
967 2300 1093 2339 QUAM
1117 2300 1268 2330 FERTO
1295 2298 1522 2330 CELEBRA-
