1575 2489
161 73 215 114 74
712 74 937 107 TRISTIUM

276 183 378 222 Haec
405 195 474 234 ego
503 187 641 221 cuncta
667 183 777 232 prius
796 213 806 234 ,
840 194 953 232 quam
979 188 1017 220 te
1037 213 1047 233 ,
1080 182 1278 220 carissime
1297 211 1309 232 ,
1335 181 1489 219 credam

213 250 256 280 2ο
278 241 468 280 Mutatum
501 252 632 278 curam
666 239 892 291 deposuisse
924 241 1022 278 mei.

277 299 477 337 Innumeri
509 303 661 336 montes
693 299 795 336 inter
827 310 887 336 me
920 303 1037 348 teque
1069 298 1231 347 viaeque

276 357 531 407 Fluminaque
565 361 604 394 et
635 357 760 406 campi
792 368 864 394 nec
896 356 992 394 freta
1025 367 1146 406 pauca
1179 357 1332 394 iacent.

275 415 380 452 Mille
412 419 542 465 potest
573 415 700 452 causis
720 445 730 465 ,
762 426 781 452 a
814 419 851 452 te
883 426 981 464 quae
1013 413 1141 451 littera
1174 424 1288 463 saepe

277 472 395 510 Missa
428 474 506 523 sit,
539 473 578 510 in
610 477 764 510 nostras
796 483 883 510 rara
914 473 1046 510 venire
1079 482 1239 522 manus;

214 539 257 568 25
278 531 379 568 Mille
411 536 541 568 tamen
574 542 710 568 causas
742 529 947 568 scribendo
980 531 1090 567 vince
1123 529 1374 580 frequenter,

279 588 470 627 Excusem
504 599 552 626 ne
585 593 621 626 te
655 599 838 639 semper,
870 588 1021 639 amice,
1053 585 1168 625 mihi!

763 714 889 762 VIII.

278 820 356 858 Iam
390 832 474 859 mea
507 832 670 871 cycneas
702 821 905 858 imitantur
937 824 1112 869 tempora
1144 817 1317 870 plumas,

280 879 406 917 Inficit
438 885 476 917 et
506 881 636 929 nigras
669 877 751 916 alba
785 883 941 916 senecta
973 889 1124 915 comas.

279 936 358 975 Iam
391 937 561 975 subeunt
593 938 682 974 anni
714 936 868 986 fragiles
902 941 940 974 et
971 936 1134 973 inertior
1166 941 1293 986 aetas,

280 995 436 1046 Iamque
469 1007 606 1046 parum
638 995 749 1032 firmo
782 1006 842 1031 me
876 993 969 1032 mihi
1002 994 1103 1031 serre
1136 1005 1249 1043 grave
1283 999 1364 1032 est.

240 1061 259 1092 5
280 1053 391 1091 Nunc
424 1060 535 1104 erat,
567 1058 610 1091 ut
641 1054 768 1103 posito
801 1051 983 1090 deberem
1017 1052 1091 1089 fine
1125 1051 1300 1089 laborum

279 1111 416 1150 Vivere
437 1142 447 1162 ,
479 1123 539 1149 me
572 1110 678 1149 nullo
712 1110 940 1148 sollicitante
973 1116 1108 1160 metu,

283 1169 467 1220 Quaeque
502 1181 608 1207 meae
642 1180 796 1218 semper
828 1167 1059 1218 placuerunt
1091 1169 1167 1205 otia
1198 1169 1320 1206 menti

284 1227 451 1278 Carpere
486 1233 524 1265 et
554 1228 594 1265 in
628 1226 766 1265 studiis
799 1225 967 1264 molliter
999 1237 1085 1263 esse
1118 1227 1237 1277 meis,

281 1285 330 1324 Et
361 1297 516 1336 parvam
550 1284 748 1323 celebrare
781 1284 938 1322 domum
970 1290 1199 1334 veteresque
1232 1283 1395 1322 Penates

219 1352 261 1382 10
282 1343 331 1382 Et
363 1356 460 1394 quae
493 1355 597 1382 nunc
630 1342 785 1381 domino
819 1354 910 1381 rura
942 1348 1101 1393 paterna
1134 1348 1289 1394 carent,

281 1402 403 1452 Inque
436 1403 524 1440 sinu
558 1402 735 1439 dominae
768 1402 947 1451 carisque
981 1400 1176 1439 sodalibus
1208 1402 1325 1451 inque

283 1460 454 1499 Securus
486 1461 610 1511 patria
642 1461 893 1498 consenuisse
927 1471 1033 1497 mea.

282 1518 385 1557 Haec
418 1530 502 1556 mea
534 1519 589 1556 sic
622 1517 815 1568 quondam
847 1519 979 1567 peragi
1011 1524 1234 1567 speraverat
1265 1522 1393 1569 aetas,

281 1576 360 1615 Hos
393 1589 463 1627 ego
496 1577 552 1614 sic
584 1588 705 1614 annos
736 1587 882 1627 ponere
915 1575 1054 1625 dignus
1088 1587 1215 1614 eram.

221 1642 262 1673 15
282 1634 368 1673 Non
399 1636 451 1673 ita
483 1634 541 1672 dis
573 1635 727 1685 visum,
761 1635 827 1684 qui
858 1645 918 1672 me
952 1640 1135 1684 terraque
1168 1635 1342 1684 marique

283 1693 421 1731 Actum
456 1692 680 1731 Sarmaticis
713 1704 929 1743 exposuere
961 1691 1081 1730 locis.

284 1751 327 1789 In
360 1762 449 1789 cava
482 1751 680 1789 ducuntur
713 1762 874 1801 quassae
907 1750 1052 1788 navalia
1083 1762 1257 1801 puppes,

283 1809 339 1848 Ne
372 1815 518 1847 temere
550 1810 589 1847 in
622 1808 760 1847 mediis
792 1808 1055 1847 destituantur
1088 1810 1221 1859 aquis.

283 1867 339 1905 Ne
372 1867 482 1906 cadat
514 1872 552 1905 et
584 1867 724 1905 multas
756 1866 901 1917 palmas
935 1866 1157 1905 inhonestet
1188 1866 1372 1918 adethS,

221 1935 263 1964 20
285 1925 508 1976 Languidus
539 1927 579 1964 in
611 1927 732 1975 pratis
765 1927 937 1975 gramina
970 1927 1096 1975 carpit
1128 1937 1275 1975 eunS.

285 1984 394 2022 Miles
426 1983 493 2022 ubi
525 1984 698 2022 emeritis
731 1995 807 2021 non
841 1989 899 2021 est
931 1984 1023 2021 satis
1058 1983 1161 2021 utilis
1193 1984 1327 2035 annis,

285 2042 398 2080 Ponit
428 2042 475 2080 ad
507 2043 716 2093 antiquos,
749 2053 846 2091 quae
881 2041 997 2092 tulit,
1029 2053 1132 2079 arma
1166 2040 1308 2080 Lares.

287 2101 350 2138 Sic
381 2101 529 2151 igitur,
562 2100 670 2138 tarda
702 2100 803 2137 vires
836 2101 1035 2137 minuente
1068 2106 1247 2151 senecta,

285 2158 345 2196 Me
379 2171 534 2209 quoque
567 2158 703 2197 donari
734 2159 808 2196 iam
841 2157 937 2196 rude
971 2164 1124 2208 tempus
1157 2164 1263 2196 erat.

221 2225 264 2255 25
287 2217 457 2268 Tempus
490 2223 573 2255 erat
604 2229 676 2255 nec
707 2228 768 2254 me
801 2217 1050 2267 peregrinum
1084 2216 1227 2254 ducere
1260 2214 1431 2266 caelum,

285 2275 364 2314 Nec
398 2277 540 2314 siccam
572 2275 706 2314 Getico
739 2275 844 2313 fonte
876 2274 1001 2312 levare
1035 2276 1163 2326 sitini,
