1575 2489
598 27 639 58 v.
668 27 843 59 723—V1.
870 28 925 59 49.
1344 25 1429 66 333

213 134 314 174 Ecce
347 134 438 172 deas
471 133 576 172 vidi:
620 146 698 172 non
731 146 827 184 quas
858 139 1092 184 praeceptor
1123 133 1257 172 arandi

275 192 457 243 Viderat,
488 193 675 231 Ascraeas
709 204 797 231 cum
831 197 1065 243 sequeretur
1096 204 1211 244 oves3

152 259 193 290 15
213 251 293 290 Nec
326 262 422 302 quas
454 249 668 289 Priamides
700 251 740 289 in
773 262 941 301 aquosae
974 250 1137 289 vallibus
1169 250 1258 289 Idae

274 309 475 349 Contulit:
520 322 567 348 ex
598 309 674 348 illis
706 309 774 347 sed
807 314 937 348 tamen
969 321 1047 347 una
1079 309 1175 348 fuit.

214 368 269 406 Ex
303 367 378 406 illis
410 368 484 406 fuit
515 380 617 407 una:
661 368 724 407 sui
755 379 938 419 germana
970 368 1123 419 mariti3

271 425 375 465 Haec
408 431 520 478 erat,
552 427 719 478 agnovi,
752 438 850 477 quae
883 431 958 465 stat
989 427 1029 464 in
1062 437 1151 464 arce
1184 424 1306 464 Iovis.

214 484 454 523 Horrueram
486 486 682 536 tacitoque
716 486 887 524 animum
919 484 1065 536 pallore
1099 483 1271 523 fatebar.

150 551 194 583 20
272 542 371 582 Tum
404 543 504 595 dea,
537 555 634 594 quos
666 544 788 594 fecit,
821 543 981 582 sustulit
1012 544 1097 594 ipsa
1130 548 1281 581 metus.

213 601 387 652 Namque
420 603 473 641 ait
505 599 547 640 ‘o
580 607 687 641 vates
706 634 716 654 ‚
748 601 912 641 Romani
944 601 1123 640 conditor
1156 602 1269 653 anni,

271 661 375 700 Ause
406 673 477 712 per
509 662 670 712 exiguos
702 672 838 711 magna
870 660 1021 699 referre
1053 660 1213 711 modos,

213 719 278 758 Ius
310 719 383 758 tibi
413 720 542 758 fecisti
573 731 718 758 numen
751 719 917 758 caeleste
951 719 1130 771 videndi,

274 777 371 817 Cum
403 778 548 829 placuit
579 779 755 817 numeris
787 778 956 816 condere
990 777 1088 816 festa
1120 778 1222 815 tuis.

150 844 195 875 25
215 836 271 875 Ne
304 843 435 875 tamen
467 838 625 887 ignores
657 836 836 887 volgique
871 847 1006 874 errore
1038 834 1230 886 trahariS,

272 894 408 934 Iunius
441 907 461 933 a
494 899 628 933 nostro
661 896 818 933 nomine
851 905 994 933 nomen
1026 893 1165 932 habet.

213 953 284 992 Est
315 953 460 1004 aliquid
491 953 673 1004 nupsisse
705 952 784 991 Iovi
803 985 814 1005 ,
847 952 948 991 Iovis
983 964 1068 991 esse
1101 963 1301 991 sororem.

272 1010 409 1051 Fratre
442 1012 563 1062 magis
582 1042 593 1062 ‚
625 1010 761 1050 dubito
782 1043 793 1063 ‚
824 1011 969 1062 glorIer
990 1042 1001 1063 ‚
1032 1022 1132 1049 anne
1164 1012 1272 1048 viro.

216 1070 256 1109 Si
288 1082 412 1121 genus
444 1070 663 1121 aspicitur,
697 1069 909 1108 Saturnum
941 1071 1066 1120 prima
1098 1074 1300 1120 parentem

149 1137 193 1168 30
272 1128 393 1180 Feci,
426 1128 584 1167 Saturni
616 1140 702 1166 sors
735 1140 805 1179 ego
837 1129 963 1179 prima
994 1128 1073 1167 fui.

214 1188 244 1225 A
275 1193 385 1238 patre
418 1187 520 1226 dicta
552 1198 640 1225 meo
673 1186 866 1237 quondam
902 1186 1085 1225 Saturnia
1116 1185 1238 1224 Roma
1271 1191 1352 1236 est,

272 1245 377 1284 Haec
408 1245 464 1283 illi
496 1257 517 1284 a
550 1245 655 1283 caelo
686 1247 863 1296 proxima
896 1251 1001 1284 terra
1035 1245 1129 1283 fuit.

216 1305 256 1344 Si
287 1311 397 1343 torus
429 1305 469 1342 in
500 1305 626 1356 pretio
659 1309 747 1355 est,
779 1303 888 1342 dicor
920 1309 1097 1342 matrona
1128 1303 1340 1354 Tonantis,

273 1362 486 1413 Iunctaque
518 1362 684 1413 Tarpeio
717 1367 810 1401 sunt
840 1374 925 1401 mea
958 1362 1100 1413 templa
1131 1361 1234 1400 Iovi.

151 1429 192 1461 ‘35
213 1423 270 1460 An
302 1423 430 1473 potuit
460 1421 558 1460 Maio
590 1420 724 1472 paelex
757 1421 849 1459 dare
882 1422 1038 1459 nomina
1070 1422 1225 1472 mensi,

272 1479 344 1519 Hic
376 1480 501 1518 honor
532 1481 572 1518 in
605 1479 718 1518 nohis
749 1479 965 1518 invidiosus
998 1477 1108 1518 erit?

214 1539 293 1578 Cur
324 1540 444 1590 igitur
475 1540 609 1589 regina
640 1550 758 1576 vocor
789 1539 1054 1589 princepsque
1088 1537 1273 1588 dearum,

272 1598 399 1636 Aurea
431 1609 502 1636 cur
535 1596 694 1635 dextrae
727 1602 882 1647 sceptra
914 1596 1057 1635 dedere
1091 1593 1233 1634 meae?

213 1657 270 1695 An
303 1657 447 1695 facient
478 1667 652 1694 mensem
684 1654 793 1694 luces
812 1686 822 1706 ‚
853 1654 1080 1706 Lucinaque
1112 1654 1159 1693 ab
1191 1653 1267 1693 illis

148 1723 194 1754 40
274 1714 388 1753 Dicar
407 1745 418 1766 ‚
449 1719 489 1752 et
520 1726 540 1752 a
572 1712 680 1752 nullo
712 1715 869 1752 nomina
901 1726 1036 1753 mense
1069 1710 1254 1752 traham?

213 1772 313 1812 Tum
345 1785 407 1811 me
438 1773 636 1824 paeniteat
665 1773 844 1823 posuisse
877 1772 1043 1811 fideliter
1075 1773 1153 1810 iras

271 1831 315 1870 In
347 1843 471 1882 genus
504 1830 682 1869 Electrae
714 1830 1026 1881 Dardaniamque
1060 1830 1240 1868 domum.

213 1890 335 1929 Causa
367 1889 510 1941 duplex
540 1891 646 1928 irae:
689 1895 800 1940 rapto
833 1888 1054 1940 Ganymede
1086 1888 1287 1939 dolebam,

271 1948 411 1988 Forma
444 1960 600 2000 quoque
632 1947 746 1986 Idaeo
778 1946 907 1986 iudice
939 1948 1041 1986 victa
1072 1959 1157 1986 mea
1189 1952 1271 1986 est.

148 2016 191 2046 45
213 2008 443 2059 Paeniteat,
475 2008 579 2058 quod
612 2018 689 2045 non
722 2006 833 2045 foveo
867 2006 1112 2057 Carthaginis
1144 2018 1279 2058 arces,

272 2066 369 2105 Cum
401 2078 487 2105 mea
520 2067 598 2104 sint
629 2065 694 2103 illo
728 2077 869 2104 currus
902 2071 940 2104 et
971 2077 1078 2104 arma
1109 2064 1218 2104 loco.

213 2124 415 2163 Paeniteat
448 2124 614 2176 Sparten
647 2124 849 2175 Argosque
881 2136 1066 2175 measque
1098 2123 1280 2175 Mycenas

271 2183 321 2222 Et
352 2188 525 2222 veterem
556 2183 667 2222 Latio
701 2184 956 2233 supposuisse
990 2182 1160 2222 Samon:

211 2241 319 2280 Adde
351 2254 486 2281 senem
517 2242 702 2293 Tatium,
734 2241 1059 2293 Iunonicolasque
1092 2240 1288 2291 Faliscos,
