1601 2484
182 99 335 134 XXXIV

329 205 412 246 248
436 216 581 246 ΜΙΧΤΑ
599 214 740 246 LOCIS.
812 207 1005 253 librorum
1030 208 1129 245 hanc
1155 207 1390 256 scripturam
1415 207 1511 245 ferri

182 279 261 304 non
302 278 416 315 posse
458 265 673 303 rectissime
717 264 954 302 Schraderus
998 265 1159 303 monuit.
1234 265 1267 303 si
1302 267 1422 303 mixta
1452 278 1509 302 re-

184 325 393 373 petendum
442 325 503 361 est
553 323 602 360 ab
651 322 768 360 Arati
809 322 952 360 Phaen.
1000 324 1083 361 104
1127 319 1272 370 ἀναμὶξ
1317 319 1509 371 ἐκάθητο,

183 382 286 431 quod
324 381 576 419 Germanicus
617 381 718 430 109,
761 381 843 418 124
883 380 930 418 de
967 383 1069 419 tectis
1104 381 1314 429 hominum,
1353 381 1434 419 lare
1471 383 1511 418 et

180 441 380 488 penatibus
410 439 712 487 interpretatus,
744 436 906 476 Ovidius
938 438 1161 476 meminisse
1193 439 1378 481 debebat,
1411 450 1509 487 quae

181 499 264 546 ipse
296 497 343 534 de
375 509 483 534 more
513 497 641 545 prisco
672 495 827 544 Italico,
864 498 976 546 puto,
1014 497 1134 535 etiam
1166 496 1326 534 Saturni
1357 498 1397 534 et
1427 496 1512 533 Iani

183 568 296 604 aevo⁷
328 554 450 592 tradit
475 554 533 591 VI
559 555 662 602 301⁷
692 552 749 591 At
776 555 884 601 focus
919 575 967 581 —
1001 556 1044 593 in
1066 556 1208 602 primis
1239 555 1396 592 aedibus
1426 557 1514 592 ante

182 615 258 661 fuit
281 634 330 640 -
351 612 452 651 Ante
481 614 584 660 focos
615 613 704 650 olim
734 613 900 650 scamnis
931 613 1122 650 considere
1153 614 1273 660 longis
1304 613 1395 651 Mos
1425 614 1511 661 fuit,

183 675 217 709 et
268 682 419 710 mensae
474 672 621 709 eredere
679 670 809 708 adesse
857 671 953 708 deos.
1026 670 1218 707 edendum
1266 670 1343 708 fuit
1393 672 1513 708 mixta

183 731 289 777 focis.
437 726 524 767 264
566 737 655 766 PER
698 736 831 766 FORA.
904 727 961 765 ita
1005 726 1093 765 dedi
1140 740 1160 765 e
1205 728 1400 765 codicibus
1446 740 1512 776 op-

182 787 306 835 timis3
350 787 469 825 etiam
512 787 553 823 in
590 786 815 834 Ursiniano,
861 785 928 834 qui
970 788 1003 823 et
1039 797 1131 824 sane
1169 798 1192 822 a
1228 786 1355 834 prima
1394 798 1514 823 manu

182 846 319 888 habet,
363 845 445 883 vidi
487 847 646 882 subesse
689 856 884 893 rasuram,
928 844 998 881 sub
1043 856 1118 892 qua
1162 843 1437 892 dignoscebam
1468 857 1513 891 p.

182 903 474 952 interpretabar
503 902 551 939 de
583 902 682 940 clivo
715 901 953 950 Capitolino,
991 903 1057 950 qui
1088 904 1246 950 praeter
1276 902 1406 939 forum
1437 902 1512 939 Ro-

182 974 342 999 manum
373 961 423 998 ad
454 972 588 998 arcum
620 959 724 1008 Sept.
759 959 908 1009 Severi,
942 959 1079 997 deinde
1110 972 1246 997 versus
1280 960 1513 1008 septentrio-

182 1032 272 1057 nem
308 1020 511 1068 porrectus
554 1018 657 1055 inter
694 1030 890 1055 carcerem
926 1018 1204 1055 Mamertinum
1248 1019 1287 1055 et
1323 1017 1515 1066 parietem

183 1078 296 1114 illum
332 1078 524 1124 veterem,
564 1076 631 1124 qui·
668 1076 828 1113 extabat
866 1077 907 1113 in
943 1078 1082 1124 crypta
1113 1075 1219 1113 aedis
1253 1075 1288 1112 S.
1322 1076 1514 1113 Martinae

183 1135 372 1185 gradibus
398 1143 495 1172 XXII
525 1134 628 1171 infra
660 1134 802 1182 solum,
834 1133 938 1182 quod
969 1135 1054 1171 erat
1086 1136 1177 1171 ante
1209 1146 1330 1172 annos
1361 1134 1514 1183 viginti,

184 1195 372 1242 protenus
403 1192 508 1229 inter
537 1191 624 1229 fora
655 1191 828 1241 Augusti
860 1193 900 1229 et
931 1191 1152 1228 Romanum
1182 1191 1258 1229 iter
1288 1192 1516 1240 praebuerit

184 1252 225 1288 in
254 1251 396 1297 valles,
434 1262 533 1298 quae
574 1251 665 1286 sunt
701 1251 790 1297 post
827 1251 999 1287 montem
1033 1249 1294 1299 Quirinalem3
1325 1261 1398 1296 per
1429 1251 1518 1296 fora

185 1309 333 1346 dictum
363 1309 410 1344 ut
439 1307 522 1344 1111
549 1308 631 1345 567
664 1307 810 1354 Perque
845 1309 957 1345 urbes
987 1305 1116 1345 Asiae.
1191 1306 1384 1345 obiciebat
1416 1308 1516 1356 opti-

185 1379 271 1405 mus
303 1366 501 1404 Beckerus
533 1378 595 1414 pp.
624 1366 705 1403 349
740 1368 780 1402 et
813 1367 908 1412 222,
940 1364 1084 1402 clivum
1116 1363 1381 1413 Capitolinum
1412 1366 1518 1403 ultra

185 1426 315 1463 forum
344 1436 422 1461 non
452 1423 623 1472 produci.
698 1423 766 1460 sed
796 1423 835 1460 id
866 1435 943 1460 non
968 1423 1025 1460 ita
1050 1434 1133 1460 esse
1160 1422 1516 1471 deprehendebam:

185 1483 329 1521 transit
359 1484 473 1519 vetus
505 1481 594 1519 clivi
624 1481 894 1529 pavimentum
925 1492 1057 1518 arcum
1083 1480 1217 1518 Severi
1248 1481 1398 1530 aliquot
1428 1494 1516 1530 pas-

187 1541 305 1588 sibus,
337 1539 561 1589 pertinebat
586 1539 636 1576 ad
660 1552 816 1575 murum
840 1551 963 1588 usque
983 1540 1253 1577 transversum
1272 1539 1517 1589 impositum3

188 1611 232 1637 ac
262 1599 442 1647 legebam
473 1609 598 1646 nuper
628 1597 670 1633 in
701 1597 849 1645 ephem.
893 1595 1054 1644 Allyem.
1079 1597 1174 1635 Zeit.
1202 1598 1311 1635 1883
1339 1611 1374 1645 p.
1405 1599 1515 1636 1203

189 1658 235 1694 de
274 1657 413 1694 effosso
455 1668 500 1693 eo
537 1656 667 1693 tractu
704 1676 761 1680 —
801 1651 895 1693 ‘und
931 1666 1006 1692 wer
1042 1667 1115 1692 von
1152 1656 1218 1693 der
1257 1655 1410 1703 Geyencl
1452 1657 1519 1695 der

189 1716 422 1762 Kaiserfora
458 1714 524 1752 her
559 1714 637 1752 sich
673 1714 770 1750 nach
801 1714 884 1751 dem
916 1713 1065 1760 Capitol
1096 1715 1185 1751 oder
1216 1714 1282 1751 der
1314 1715 1427 1752 Tiber
1460 1716 1519 1752 be·

187 1769 298 1821 yiebff’
342 1767 397 1824 (p.
434 1772 544 1810 1204
589 1767 664 1810 ‘die
693 1771 843 1809 Strecke
878 1772 944 1809 cler
974 1771 1096 1810 Sacra
1131 1773 1196 1809 via
1232 1783 1316 1810 vom
1346 1772 1521 1811 Severus-

191 1833 305 1880 boqen
343 1832 400 1869 bis
436 1831 559 1868 himer
595 1831 666 1868 den
696 1825 1020 1881 Saturmempel)',
1065 1825 1244 1868 εωαηᾱεῑιέ
1278 1831 1414 1868 wieder
1451 1832 1526 1877 auf

192 1891 275 1927 clem
311 1889 582 1936 Lavapflcester
626 1888 692 1926 cler
728 1887 850 1926 Sacra
887 1883 977 1925 viso’.
1051 1888 1118 1936 qui
1154 1888 1268 1925 hodie
1305 1888 1381 1926 viri
1417 1888 1522 1926 docti

193 1949 239 1985 de
279 1947 377 1985 clivo
416 1947 531 1984 aliter
566 1945 828 1995 praecipiunt⁷
872 1945 1116 1984 descendisse
1153 1948 1243 1994 post
1280 1947 1415 1983 aedem
1455 1946 1521 1984 Sa-

193 2006 300 2044 turni
331 2005 372 2042 in
408 2004 537 2042 forum
568 2003 782 2050 affirmant,
826 2015 870 2041 eo
902 2004 943 2040 in
973 2004 1112 2041 itinere
1143 2005 1232 2051 fora
1263 2006 1306 2042 ut
1338 2004 1393 2041 VI
1425 2005 1522 2054 401,

193 2066 282 2112 fora
313 2066 353 2101 et
378 2064 496 2101 valles
520 2064 565 2100 ut
589 2062 631 2099 II
659 2064 738 2100 391
768 2063 863 2110 392,
897 2062 965 2099 sed
994 2074 1071 2099 non
1096 2062 1282 2100 Lautolas
1315 2065 1383 2100 aut
1415 2063 1522 2100 aedi-

195 2123 323 2160 culam
360 2121 446 2159 Iani
476 2122 633 2169 praesto
674 2120 877 2158 habituros
909 2120 1139 2168 putaverim.
1290 2117 1374 2159 296
1406 2129 1520 2159 PARS

197 2188 311 2218 STET
356 2188 415 2217 ET
460 2187 572 2217 IPSA.
644 2179 744 2217 liber
793 2178 962 2227 optimus
995 2190 1095 2226 pars
1137 2180 1186 2216 sit
1229 2182 1261 2217 et
1301 2180 1397 2226 ipsa.
1466 2180 1524 2216 ita

198 2250 315 2287 supra
339 2239 422 2276 190
441 2249 542 2285 pars
559 2238 651 2275 milei
671 2238 715 2275 cle
733 2238 826 2284 festo
845 2248 891 2274 oze
910 2237 1007 2274 labet
1023 2237 1115 2280 ulla,
1141 2237 1196 2274 ΙΙ).
1219 2237 1271 2274 88
1293 2237 1348 2274 Et
1364 2239 1414 2275 sit
1424 2249 1525 2284 pars

198 2298 273 2335 vota·
311 2297 419 2334 nulla
456 2297 609 2335 caduca.
736 2291 818 2333 589
859 2302 1024 2333 ONERIS
1063 2302 1313 2333 PROVINCIA
1349 2303 1523 2334 VESTRI.
