1575 2489
197 57 286 98 304
739 56 992 88 FASTORUM

231 173 298 205 695
319 165 422 203 Haec
455 164 567 202 modo
600 162 779 201 verrebat
810 168 976 201 stantem
1008 161 1164 201 tibicine
1200 162 1348 213 villam,

328 264 334 271 ยน
376 223 487 261 Nunc
521 222 653 259 matris
684 220 826 271 plumis
858 232 927 258 ova
958 220 1120 258 fovenda
1152 219 1289 270 dabat,

319 281 395 319 Aut
426 279 567 317 virides
599 278 742 316 malvas
761 309 771 329 ,
804 283 870 316 aut
901 278 1040 328 fungos
1073 278 1217 329 colligit
1248 277 1382 328 albos,

378 338 453 376 Aut
483 336 669 375 humilem
701 342 809 386 grato
843 335 993 374 calfacit
1023 337 1110 386 igne
1143 337 1297 374 focum.

320 395 368 434 Et
398 402 526 434 tamen
559 394 724 432 assiduis
758 399 914 432 exercet
944 393 1101 432 brachia
1132 394 1243 445 telis,

232 463 301 493 700
380 454 654 503 Adversusque
686 453 809 490 minas
841 452 997 502 frigoris
1030 463 1134 490 arma
1165 457 1295 502 parat.

321 511 442 549 Filius
473 511 589 549 huius
622 516 705 549 erat
735 511 860 560 primo
893 510 1057 548 lascivus
1089 511 1128 548 in
1161 521 1277 560 aevo,

379 569 665 618 Addideratque
698 580 819 606 annos
851 568 898 606 ad
930 568 1005 606 duo
1037 567 1159 606 lustra
1191 567 1311 606 duos.

320 628 356 665 Is
389 629 491 677 capit
523 628 687 665 extremi
719 626 870 677 volpem
901 625 1072 664 convalle
1104 625 1252 664 salicti:

378 684 601 723 Abstulerat
632 684 771 722 multas
803 683 867 722 illa
900 683 1070 722 cohortis
1102 695 1213 722 aves.

237 752 303 783 705
325 744 521 794 Captivam
554 742 695 793 stipula
727 742 916 792 faenoque
947 741 1134 792 involvit,
1168 746 1206 779 et
1236 742 1345 791 ignes

377 801 594 840 Admovet:
639 806 799 839 urentes
831 801 966 850 effugit
997 799 1058 838 illa
1092 810 1251 838 manus:

320 860 403 905 Qua
435 861 562 910 fugit,
593 858 767 897 incendit
798 860 957 897 vestitos
989 857 1181 896 messibus
1213 868 1350 908 agros3

377 917 580 956 Damnosis
612 918 714 955 vires
746 916 900 967 ignibus
932 927 1024 954 aura
1057 915 1192 954 dabat.

320 976 481 1014 Factum
513 975 635 1025 abiit,
667 976 903 1013 monimenta
935 980 1092 1012 manent
1112 1005 1121 1013 .
1177 985 1264 1011 nam
1297 972 1449 1011 deicere

1043 1036 1193 1082 captam

231 1101 298 1131 710
377 1091 489 1129 Nunc
521 1102 677 1141 quoque
709 1090 769 1128 lex
802 1089 952 1140 volpem
984 1089 1212 1128 Carseolana
1243 1094 1368 1138 vetat,

321 1149 445 1200 thue
478 1149 557 1187 luat
589 1160 732 1199 poenas
754 1179 764 1199 ,
794 1159 890 1198 gens
922 1147 1017 1185 haec
1049 1146 1263 1185 Cerialibus
1296 1146 1427 1198 ardet3

378 1207 541 1258 Quoque
574 1206 687 1245 modo
721 1211 872 1257 segetes
904 1205 1102 1256 perdidit,
1133 1206 1215 1256 ipsa
1247 1201 1392 1256 perit.'

775 1298 841 1338 20.
873 1295 955 1337 FN

319 1382 498 1420 Proxima
531 1393 619 1419 cum
651 1382 780 1419 veniet
811 1385 936 1418 terras
968 1381 1097 1418 visura
1129 1384 1306 1430 patentes

378 1440 594 1478 Memnonis
627 1440 666 1477 in
698 1439 822 1477 roseis
854 1438 957 1477 lutea
988 1445 1112 1476 mater
1144 1439 1279 1488 equis,

229 1507 298 1537 715
320 1498 373 1536 De
406 1497 504 1536 duce
537 1497 699 1548 lanigeri
730 1498 882 1547 pecoris
901 1527 912 1547 ,
945 1497 1011 1546 qui
1042 1495 1213 1546 prodidit
1244 1494 1403 1546 Hellen,

379 1555 444 1593 Sol
477 1555 583 1593 abit.
640 1566 796 1605 egresso
829 1556 982 1593 victima
1015 1555 1136 1591 maior
1167 1553 1298 1592 adest.

321 1614 441 1652 Vacca
474 1615 524 1652 sit
549 1625 597 1651 an
629 1618 765 1651 taurus
784 1644 795 1664 ,
826 1624 905 1650 non
937 1617 996 1650 est
1022 1623 1257 1661 cognoscere
1284 1616 1528 1663 promptum:

379 1671 471 1710 Pars
503 1672 610 1722 prior
643 1676 830 1722 apparet,
862 1671 1078 1721 posteriora
1110 1669 1251 1708 latent.

322 1730 398 1768 Seu
430 1735 559 1768 tamen
593 1734 651 1767 est
682 1734 845 1779 taurus,
879 1730 958 1766 sive
991 1733 1050 1766 est
1078 1727 1151 1766 hoc
1184 1727 1326 1766 femina
1358 1729 1529 1779 signum,

234 1797 300 1827 7โด20
380 1787 527 1826 Iunone
559 1788 677 1825 invita
707 1798 850 1825 munus
882 1787 1024 1824 amoris
1055 1784 1193 1824 habet.

665 1877 732 1918 21.
770 1876 807 1917 G
833 1875 1055 1918 PAR-N2

322 1962 405 2000 Nox
437 1961 560 2013 abiit,
591 1962 795 2011 oriturque
828 1972 996 1999 aurora.
1051 1958 1191 1998 Parilia
1223 1971 1385 2010 poscor.

378 2019 463 2058 Non
496 2031 637 2070 poscor
668 2019 841 2070 frustra,
875 2020 909 2057 si
940 2019 1041 2056 favet
1072 2018 1168 2056 alma
1199 2017 1333 2057 Pales.

321 2078 428 2116 Alma
460 2077 570 2116 Pales
589 2109 599 2128 ,
632 2078 758 2115 faveas
790 2077 958 2127 pastoria
990 2088 1098 2114 sacra
1130 2077 1307 2127 canenti,

378 2136 602 2186 Prosequor
634 2136 760 2173 officio
794 2136 826 2173 si
857 2140 923 2173 tua
955 2134 1051 2172 festa
1083 2135 1169 2185 pio,

229 2201 299 2232 v725
322 2193 434 2232 Certe
469 2206 538 2244 ego
572 2194 618 2232 de
651 2193 769 2232 vitulo
803 2194 974 2231 cinerem
1006 2192 1243 2243 stipulasque
1277 2191 1408 2231 fabalis

379 2251 500 2303 Saepe
533 2251 604 2290 tuli
635 2251 777 2304 plena,
809 2250 944 2290 februa
977 2256 1109 2303 casta,
1142 2262 1279 2289 manu.
