1601 2484
1335 71 1421 106 XIII

203 181 248 220 V.
290 183 372 220 396
418 180 634 219 rectissime
671 179 833 218 Ellisius
874 180 1047 229 notavit3
1092 175 1225 218 ‘unde'
1264 180 1420 229 scripsit

85 236 165 277 ‘hic
190 238 451 277 Lemniades?
501 240 633 276 cetera
658 238 763 275 enim
788 239 889 276 serie
914 251 1047 276 rerum
1072 238 1293 288 cohaerent,
1320 238 1421 276 sicut

85 297 190 346 apud
221 292 520 346 Apollodorum’
552 296 636 334 rell.

205 355 251 394 V.
284 356 367 393 418
406 355 522 404 plane
554 354 814 392 balbutientis
848 355 996 393 scribae
1029 355 1331 394 deliramentum
1361 354 1418 392 vi-

85 414 217 462 detur,
261 413 363 451 unde
406 412 504 450 nihil
548 413 633 450 sani
671 413 910 452 extunditur.
977 413 1070 451 libri
1113 413 1216 451 enim
1260 425 1419 451 consen-

85 472 204 515 tiunt,
235 472 311 509 nisi
343 471 446 520 quod
477 483 586 508 meus
618 471 654 508 A
680 471 855 520 Hauptio
887 473 990 509 teste
1023 473 1063 509 et
1094 472 1196 509 alter
1225 483 1304 509 non
1333 471 1419 509 vul-

84 530 191 579 garis
224 530 418 567 distichon
449 530 532 567 417
567 530 650 566 418
684 531 774 567 ante
808 530 891 567 415
919 530 1003 567 416
1030 529 1172 577 locant,
1204 541 1280 577 quo
1306 541 1420 578 argu-

85 589 217 625 mento
262 587 380 636 siquis
423 588 554 624 totum
597 586 807 636 distichon,
849 599 929 625 non
970 586 1084 625 modo
1128 589 1419 635 pentametrum

87 646 264 694 spurium
303 645 528 683 existimare
566 645 678 694 velit,
722 645 821 683 nihil
857 644 1009 683 decedit
1052 645 1319 683 observationi
1353 657 1421 682 no-

85 707 201 742 strae.
269 702 509 741 Schraderus
537 703 640 752 quod
665 715 807 741 nexum
826 703 929 740 inter
948 704 1032 741 413
1055 704 1139 741 414
1167 705 1207 741 et
1228 704 1310 741 415
1332 705 1416 741 416

86 762 346 811 desiderabat,
383 762 507 810 possit
537 761 578 798 id
610 761 767 809 elevari,
807 761 839 799 si
868 773 1028 799 versum
1060 762 1158 810 418,
1190 762 1257 810 qui
1287 761 1421 811 genui-

84 832 158 858 nus
189 820 282 868 fuit,
316 820 503 868 apodosin
533 819 716 857 habuisse
748 820 944 868 putemus.

202 878 249 916 V.
284 879 364 916 508
398 879 660 926 pentameter,
693 889 743 915 an
773 877 987 926 distichon,
1020 878 1124 927 quod
1154 879 1285 916 totum
1316 878 1421 916 locu-

86 936 234 974 tionem
262 936 535 974 scholasticam
560 935 691 984 habet,
722 935 1029 985 interpolatoris,
1056 937 1161 974 certe
1186 948 1280 973 num
1306 936 1420 973 unius

85 994 256 1032 auctoris
301 994 368 1044 sit,
418 994 591 1032 dubitari
637 995 779 1042 potest.
853 1006 944 1044 pars
993 994 1171 1032 inscitior
1222 996 1284 1032 est
1326 1007 1420 1043 pen-

85 1055 265 1091 tameter.

201 1110 248 1148 V.
282 1111 364 1149 556
404 1111 624 1159 exemplum
662 1109 801 1148 Glauci
830 1110 1073 1148 Anthedonii
1110 1123 1228 1160 quam
1267 1111 1318 1149 sit
1355 1111 1422 1148 ab·

84 1169 264 1217 surdum,
297 1181 416 1217 supra
447 1171 506 1206 est
537 1169 762 1207 indicatum.

203 1226 355 1263 Horum
380 1227 555 1264 locorum
580 1230 661 1265 tres
687 1227 836 1275 priores
862 1227 965 1265 inter
990 1239 1031 1265 se
1056 1227 1289 1276 vigenorum
1309 1227 1421 1265 bino-

86 1298 173 1322 rum
210 1297 397 1322 versuum
433 1286 642 1323 intervallo
680 1285 846 1323 distant:
886 1285 989 1334 quod
1028 1286 1199 1334 spatium
1237 1285 1271 1323 si
1306 1287 1423 1334 putes

86 1343 321 1392 paginarum
353 1342 495 1381 codicis
528 1343 692 1381 alicuius
719 1344 924 1392 archetypi
949 1343 1081 1392 fuisse,
1114 1344 1248 1392 quales
1274 1344 1315 1381 in
1341 1343 1420 1381 edi-

85 1401 204 1439 tionis
229 1403 388 1438 nostrae
414 1401 657 1450 marginibus
684 1402 892 1439 adnotatas
918 1402 1050 1450 habes,
1077 1402 1276 1440 desierunt
1301 1402 1423 1451 igitur

86 1459 253 1509 paginae
290 1462 370 1497 tres
408 1459 449 1496 in
486 1471 552 1497 eos
589 1460 714 1508 locos,
759 1459 874 1497 desiit
917 1460 1061 1509 pagina
1099 1455 1164 1512 (6)
1202 1460 1243 1497 in
1280 1460 1421 1509 locum,

87 1530 203 1567 quem
233 1518 516 1567 interpolatum
549 1529 668 1567 supra
698 1517 979 1556 intelleximus:
1018 1518 1128 1555 nulla
1167 1530 1334 1567 usquam
1366 1519 1422 1556 in-

87 1576 305 1624 aequalitas
337 1576 571 1625 paginarum
604 1578 723 1624 extat,
755 1578 1032 1625 praeterquam
1063 1576 1104 1613 in
1134 1577 1280 1625 pagina
1312 1572 1421 1629 (23),

87 1646 186 1683 quae
218 1647 294 1672 uno
327 1634 511 1682 disticho,
543 1636 583 1672 et
616 1629 728 1686 (25),
761 1647 861 1683 quae
893 1635 1044 1673 duobus
1076 1635 1277 1673 modulum
1308 1635 1423 1673 illum

88 1695 264 1741 superat,
297 1693 344 1730 de
376 1705 453 1742 qua
483 1706 524 1731 re
555 1693 721 1742 posthae
753 1692 914 1731 dicetur.

204 1752 391 1789 Aetatem
415 1751 531 1788 huius
557 1751 764 1801 archetypi
788 1764 867 1789 non
892 1751 1151 1790 definiverim:
1178 1752 1422 1802 corruptelas

86 1810 276 1857 quasdam
326 1809 409 1847 eius
459 1809 618 1848 memini
668 1822 688 1848 e
732 1810 926 1859 scriptura
975 1810 1135 1859 unciali,
1186 1811 1313 1860 qualis
1363 1813 1423 1849 est

87 1867 301 1918 fragmenti
334 1867 646 1917 Guelferbytani,
678 1870 784 1906 ortas
816 1868 952 1917 videri,
991 1869 1100 1907 cuius
1132 1869 1299 1918 paginae
1332 1872 1423 1907 sunt

86 1938 271 1964 versuum
291 1926 524 1975 vigenarum
544 1926 762 1975 quinarum,
783 1926 1004 1965 altitudinis
1025 1939 1143 1976 quam
1161 1928 1282 1965 habet
1302 1927 1422 1965 editio

86 1997 174 2022 mea
211 1984 469 2023 Reimeriana.
542 1984 662 2022 Plinii
698 1997 794 2034 quos
825 1985 988 2024 Moneus
1026 1986 1234 2034 descripsit
1271 1986 1421 2024 codices

87 2043 211 2080 multo
244 2043 483 2092 antiquiores
514 2057 578 2092 pp.
599 2052 678 2081 XVI
704 2052 832 2082 XXXV
858 2053 1015 2087 XXXIX,
1048 2044 1182 2081 eodem
1215 2044 1297 2082 fere
1330 2047 1422 2082 sunt

86 2113 271 2138 versuum
307 2114 377 2150 per
413 2102 577 2151 paginas
614 2114 788 2140 numero.
860 2102 900 2139 id
937 2103 1122 2140 volumen
1151 2114 1239 2140 cum
1271 2103 1422 2140 senium

87 2159 165 2196 iam
198 2159 382 2208 duxisset,
415 2160 494 2197 situ
525 2161 594 2198 aut
619 2160 778 2198 madore
806 2160 856 2197 ab
882 2160 1058 2198 inferiori
1084 2163 1197 2209 parte
1224 2161 1420 2210 affectum,

91 2237 140 2244 —
175 2230 292 2266 quem
323 2218 450 2266 ipsum
482 2218 523 2255 in
553 2218 713 2257 modum
737 2219 926 2268 Aeschyli
951 2219 1211 2268 archetypum
1235 2219 1420 2257 vitiatum

85 2275 208 2314 fuisse
229 2276 505 2326 demonstravi,
525 2277 697 2315 codicem
715 2277 960 2315 Bessarionis
974 2274 1250 2327 bombycinum
1272 2280 1422 2327 aparte
