<?xml version="1.0" encoding="UTF-8"?>
<!DOCTYPE html PUBLIC "-//W3C//DTD XHTML 1.0 Transitional//EN"
    "http://www.w3.org/TR/xhtml1/DTD/xhtml1-transitional.dtd">
<html xmlns="http://www.w3.org/1999/xhtml" xml:lang="en" lang="en">
 <head>
  <title>
</title>
<meta http-equiv="Content-Type" content="text/html;charset=utf-8" />
  <meta name='ocr-system' content='tesseract 3.04.00' />
  <meta name='ocr-capabilities' content='ocr_page ocr_carea ocr_par ocr_line ocrx_word'/>
</head>
<body>
  <div class='ocr_page' id='page_1' title='image "./operaovid01oviduoft_0162.png"; bbox 0 0 1575 2489; ppageno 0'>
   <div class='ocr_carea' id='block_1_1' title="bbox 197 94 932 134">
    <p class='ocr_par' dir='ltr' id='par_1_1' title="bbox 197 94 932 134">
     <span class='ocr_line' id='line_1_1' title="bbox 197 94 932 134; baseline -0.011 0"><span class='ocrx_word' id='word_1_1' title='bbox 197 94 280 134; x_wconf 85' lang='lat'>114</span> <span class='ocrx_word' id='word_1_2' title='bbox 787 95 932 127; x_wconf 78' lang='lat' dir='ltr'>IBIDIS</span> 
     </span>
    </p>
   </div>
   <div class='ocr_carea' id='block_1_2' title="bbox 224 200 1526 2339">
    <p class='ocr_par' dir='ltr' id='par_1_2' title="bbox 224 200 1526 2339">
     <span class='ocr_line' id='line_1_2' title="bbox 312 200 1272 254; baseline -0.002 -13"><span class='ocrx_word' id='word_1_3' title='bbox 312 202 362 241; x_wconf 87' lang='lat' dir='ltr'>Ut</span> <span class='ocrx_word' id='word_1_4' title='bbox 393 204 493 240; x_wconf 89' lang='lat' dir='ltr'>iacet</span> <span class='ocrx_word' id='word_1_5' title='bbox 523 202 644 239; x_wconf 89' lang='lat' dir='ltr'>Aonio</span> <span class='ocrx_word' id='word_1_6' title='bbox 676 201 843 240; x_wconf 83' lang='lat' dir='ltr'>luctator</span> <span class='ocrx_word' id='word_1_7' title='bbox 875 201 921 239; x_wconf 91' lang='lat' dir='ltr'>ab</span> <span class='ocrx_word' id='word_1_8' title='bbox 953 200 1105 252; x_wconf 85' lang='lat' dir='ltr'>hospite</span> <span class='ocrx_word' id='word_1_9' title='bbox 1138 201 1272 254; x_wconf 86' lang='lat' dir='ltr'>fusus,</span> 
     </span>
     <span class='ocr_line' id='line_1_3' title="bbox 371 259 1388 312; baseline 0.001 -15"><span class='ocrx_word' id='word_1_10' title='bbox 371 260 475 309; x_wconf 90' lang='lat' dir='ltr'>Qui,</span> <span class='ocrx_word' id='word_1_11' title='bbox 506 260 678 310; x_wconf 87' lang='lat' dir='ltr'>mirum,</span> <span class='ocrx_word' id='word_1_12' title='bbox 711 260 863 310; x_wconf 84' lang='lat' dir='ltr'>vietor,</span> <span class='ocrx_word' id='word_1_13' title='bbox 895 271 985 298; x_wconf 83' lang='lat' dir='ltr'>oum</span> <span class='ocrx_word' id='word_1_14' title='bbox 1017 259 1250 312; x_wconf 84' lang='lat' dir='ltr'>cecidisset,</span> <span class='ocrx_word' id='word_1_15' title='bbox 1281 265 1388 299; x_wconf 88' lang='lat' dir='ltr'>erat:</span> 
     </span>
     <span class='ocr_line' id='line_1_4' title="bbox 224 317 1211 368; baseline -0.001 -12"><span class='ocrx_word' id='word_1_16' title='bbox 224 326 290 356; x_wconf 81' lang='lat'>395</span> <span class='ocrx_word' id='word_1_17' title='bbox 312 317 361 356; x_wconf 78' lang='lat' dir='ltr'>Ut</span> <span class='ocrx_word' id='word_1_18' title='bbox 394 329 491 367; x_wconf 87' lang='lat' dir='ltr'>quos</span> <span class='ocrx_word' id='word_1_19' title='bbox 522 318 657 355; x_wconf 81' lang='lat' dir='ltr'>Antaei</span> <span class='ocrx_word' id='word_1_20' title='bbox 689 317 810 355; x_wconf 80' lang='lat' dir='ltr'>sortes</span> <span class='ocrx_word' id='word_1_21' title='bbox 841 329 1020 368; x_wconf 82' lang='lat' dir='ltr'>pressere</span> <span class='ocrx_word' id='word_1_22' title='bbox 1052 317 1211 356; x_wconf 81' lang='lat' dir='ltr'>lacerti:</span> 
     </span>
     <span class='ocr_line' id='line_1_5' title="bbox 372 370 1368 428; baseline 0.002 -16"><span class='ocrx_word' id='word_1_23' title='bbox 372 370 571 428; x_wconf 88' lang='lat' dir='ltr'>[Quosque</span> <span class='ocrx_word' id='word_1_24' title='bbox 603 375 706 412; x_wconf 86' lang='lat' dir='ltr'>ferae</span> <span class='ocrx_word' id='word_1_25' title='bbox 739 376 854 413; x_wconf 89' lang='lat' dir='ltr'>morti</span> <span class='ocrx_word' id='word_1_26' title='bbox 886 374 1042 413; x_wconf 91' lang='lat' dir='ltr'>Lemnia</span> <span class='ocrx_word' id='word_1_27' title='bbox 1076 374 1188 413; x_wconf 85' lang='lat' dir='ltr'>turba</span> <span class='ocrx_word' id='word_1_28' title='bbox 1221 375 1326 413; x_wconf 89' lang='lat' dir='ltr'>dedit</span> <span class='ocrx_word' id='word_1_29' title='bbox 1340 375 1368 424; x_wconf 75' lang='lat' dir='ltr'>z]</span> 
     </span>
     <span class='ocr_line' id='line_1_6' title="bbox 312 432 1526 485; baseline -0.001 -14"><span class='ocrx_word' id='word_1_30' title='bbox 312 432 361 471; x_wconf 94' lang='lat' dir='ltr'>Ut</span> <span class='ocrx_word' id='word_1_31' title='bbox 393 434 461 483; x_wconf 91' lang='lat' dir='ltr'>qui</span> <span class='ocrx_word' id='word_1_32' title='bbox 491 438 579 483; x_wconf 86' lang='lat' dir='ltr'>post</span> <span class='ocrx_word' id='word_1_33' title='bbox 610 432 767 482; x_wconf 85' lang='lat' dir='ltr'>longum</span> <span class='ocrx_word' id='word_1_34' title='bbox 787 463 798 483; x_wconf 89' lang='lat'>,</span> <span class='ocrx_word' id='word_1_35' title='bbox 829 434 928 471; x_wconf 89' lang='lat' dir='ltr'>sacri</span> <span class='ocrx_word' id='word_1_36' title='bbox 960 438 1195 471; x_wconf 88' lang='lat' dir='ltr'>monstrator</span> <span class='ocrx_word' id='word_1_37' title='bbox 1227 434 1376 485; x_wconf 90' lang='lat' dir='ltr'>iniqui,</span> <span class='ocrx_word' id='word_1_38' title='bbox 1468 441 1526 475; x_wconf 84' lang='lat'>(19)</span> 
     </span>
     <span class='ocr_line' id='line_1_7' title="bbox 371 489 1224 540; baseline 0.001 -12"><span class='ocrx_word' id='word_1_39' title='bbox 371 490 515 529; x_wconf 81' lang='lat' dir='ltr'>Elicuit</span> <span class='ocrx_word' id='word_1_40' title='bbox 545 489 694 540; x_wconf 89' lang='lat' dir='ltr'>pluvias</span> <span class='ocrx_word' id='word_1_41' title='bbox 726 491 881 528; x_wconf 87' lang='lat' dir='ltr'>victima</span> <span class='ocrx_word' id='word_1_42' title='bbox 913 502 1048 529; x_wconf 89' lang='lat' dir='ltr'>caesus</span> <span class='ocrx_word' id='word_1_43' title='bbox 1082 502 1224 540; x_wconf 88' lang='lat' dir='ltr'>aquas:</span> 
     </span>
     <span class='ocr_line' id='line_1_8' title="bbox 313 548 1330 599; baseline 0.001 -13"><span class='ocrx_word' id='word_1_44' title='bbox 313 548 448 586; x_wconf 85' lang='lat' dir='ltr'>Frater</span> <span class='ocrx_word' id='word_1_45' title='bbox 480 554 523 587; x_wconf 89' lang='lat' dir='ltr'>ut</span> <span class='ocrx_word' id='word_1_46' title='bbox 553 549 689 586; x_wconf 82' lang='lat' dir='ltr'>Antaei</span> <span class='ocrx_word' id='word_1_47' title='bbox 721 560 797 598; x_wconf 91' lang='lat' dir='ltr'>quo</span> <span class='ocrx_word' id='word_1_48' title='bbox 831 550 1015 598; x_wconf 86' lang='lat' dir='ltr'>sanguine</span> <span class='ocrx_word' id='word_1_49' title='bbox 1049 548 1212 599; x_wconf 89' lang='lat' dir='ltr'>debuit,</span> <span class='ocrx_word' id='word_1_50' title='bbox 1244 560 1330 587; x_wconf 87' lang='lat' dir='ltr'>aras</span> 
     </span>
     <span class='ocr_line' id='line_1_9' title="bbox 224 606 1246 657; baseline -0.001 -12"><span class='ocrx_word' id='word_1_51' title='bbox 224 614 291 645; x_wconf 84' lang='lat'>400</span> <span class='ocrx_word' id='word_1_52' title='bbox 370 606 529 657; x_wconf 83' lang='lat' dir='ltr'>Tinxit,</span> <span class='ocrx_word' id='word_1_53' title='bbox 563 613 601 644; x_wconf 91' lang='lat' dir='ltr'>et</span> <span class='ocrx_word' id='word_1_54' title='bbox 631 606 817 656; x_wconf 79' lang='lat' dir='ltr'>exemplis</span> <span class='ocrx_word' id='word_1_55' title='bbox 849 606 992 644; x_wconf 87' lang='lat' dir='ltr'>occidit</span> <span class='ocrx_word' id='word_1_56' title='bbox 1024 607 1105 656; x_wconf 89' lang='lat' dir='ltr'>ipse</span> <span class='ocrx_word' id='word_1_57' title='bbox 1139 608 1246 644; x_wconf 88' lang='lat' dir='ltr'>suis:</span> 
     </span>
     <span class='ocr_line' id='line_1_10' title="bbox 313 663 1407 715; baseline 0 -13"><span class='ocrx_word' id='word_1_58' title='bbox 313 663 362 702; x_wconf 78' lang='lat' dir='ltr'>Ut</span> <span class='ocrx_word' id='word_1_59' title='bbox 394 666 460 715; x_wconf 87' lang='lat' dir='ltr'>qui</span> <span class='ocrx_word' id='word_1_60' title='bbox 492 663 686 702; x_wconf 85' lang='lat' dir='ltr'>terribiles</span> <span class='ocrx_word' id='word_1_61' title='bbox 718 676 788 714; x_wconf 86' lang='lat' dir='ltr'>pro</span> <span class='ocrx_word' id='word_1_62' title='bbox 821 676 978 714; x_wconf 85' lang='lat' dir='ltr'>gramen</span> <span class='ocrx_word' id='word_1_63' title='bbox 1010 663 1243 702; x_wconf 78' lang='lat' dir='ltr'>habentibus</span> <span class='ocrx_word' id='word_1_64' title='bbox 1275 663 1407 702; x_wconf 86' lang='lat' dir='ltr'>herbis</span> 
     </span>
     <span class='ocr_line' id='line_1_11' title="bbox 370 721 1208 772; baseline 0 -12"><span class='ocrx_word' id='word_1_65' title='bbox 370 721 515 772; x_wconf 87' lang='lat' dir='ltr'>Impius</span> <span class='ocrx_word' id='word_1_66' title='bbox 547 722 715 760; x_wconf 88' lang='lat' dir='ltr'>humano</span> <span class='ocrx_word' id='word_1_67' title='bbox 747 723 896 760; x_wconf 83' lang='lat' dir='ltr'>viscere</span> <span class='ocrx_word' id='word_1_68' title='bbox 928 723 1032 772; x_wconf 86' lang='lat' dir='ltr'>pavit</span> <span class='ocrx_word' id='word_1_69' title='bbox 1064 733 1208 772; x_wconf 85' lang='lat' dir='ltr'>equos:</span> 
     </span>
     <span class='ocr_line' id='line_1_12' title="bbox 314 779 1256 818; baseline 0 0"><span class='ocrx_word' id='word_1_70' title='bbox 314 779 364 818; x_wconf 91' lang='lat' dir='ltr'>Ut</span> <span class='ocrx_word' id='word_1_71' title='bbox 395 780 471 818; x_wconf 84' lang='lat' dir='ltr'>duo</span> <span class='ocrx_word' id='word_1_72' title='bbox 504 780 666 818; x_wconf 82' lang='lat' dir='ltr'>diversis</span> <span class='ocrx_word' id='word_1_73' title='bbox 699 779 770 818; x_wconf 89' lang='lat' dir='ltr'>sub</span> <span class='ocrx_word' id='word_1_74' title='bbox 803 779 938 818; x_wconf 86' lang='lat' dir='ltr'>eodem</span> <span class='ocrx_word' id='word_1_75' title='bbox 971 779 1120 818; x_wconf 85' lang='lat' dir='ltr'>vindice</span> <span class='ocrx_word' id='word_1_76' title='bbox 1153 781 1256 818; x_wconf 86' lang='lat' dir='ltr'>caesi</span> 
     </span>
     <span class='ocr_line' id='line_1_13' title="bbox 370 837 1305 890; baseline 0 -15"><span class='ocrx_word' id='word_1_77' title='bbox 370 837 604 876; x_wconf 79' lang='lat' dir='ltr'>Vulneribus</span> <span class='ocrx_word' id='word_1_78' title='bbox 623 869 634 890; x_wconf 93' lang='lat'>,</span> <span class='ocrx_word' id='word_1_79' title='bbox 665 837 811 876; x_wconf 79' lang='lat' dir='ltr'>Nessus</span> <span class='ocrx_word' id='word_1_80' title='bbox 844 838 1129 888; x_wconf 75' lang='lat' dir='ltr'>Dexamenique</span> <span class='ocrx_word' id='word_1_81' title='bbox 1162 849 1305 888; x_wconf 85' lang='lat' dir='ltr'>gener:</span> 
     </span>
     <span class='ocr_line' id='line_1_14' title="bbox 225 895 1497 947; baseline 0.001 -14"><span class='ocrx_word' id='word_1_82' title='bbox 225 904 292 935; x_wconf 80' lang='lat'>405</span> <span class='ocrx_word' id='word_1_83' title='bbox 314 895 363 934; x_wconf 84' lang='lat' dir='ltr'>Ut</span> <span class='ocrx_word' id='word_1_84' title='bbox 394 907 617 947; x_wconf 82' lang='lat' dir='ltr'>pronepOS,</span> <span class='ocrx_word' id='word_1_85' title='bbox 651 895 846 946; x_wconf 87' lang='lat' dir='ltr'>Saturne,</span> <span class='ocrx_word' id='word_1_86' title='bbox 879 902 968 934; x_wconf 89' lang='lat' dir='ltr'>tuus</span> <span class='ocrx_word' id='word_1_87' title='bbox 988 927 998 947; x_wconf 95' lang='lat'>,</span> <span class='ocrx_word' id='word_1_88' title='bbox 1035 907 1150 947; x_wconf 89' lang='lat' dir='ltr'>quem</span> <span class='ocrx_word' id='word_1_89' title='bbox 1181 896 1346 935; x_wconf 88' lang='lat' dir='ltr'>reddere</span> <span class='ocrx_word' id='word_1_90' title='bbox 1379 897 1497 935; x_wconf 86' lang='lat' dir='ltr'>vitam</span> 
     </span>
     <span class='ocr_line' id='line_1_15' title="bbox 371 953 1165 1003; baseline 0 -12"><span class='ocrx_word' id='word_1_91' title='bbox 371 953 474 991; x_wconf 69' lang='lat' dir='ltr'>L&#39;rbe</span> <span class='ocrx_word' id='word_1_92' title='bbox 508 953 719 992; x_wconf 87' lang='lat' dir='ltr'>Coronides</span> <span class='ocrx_word' id='word_1_93' title='bbox 752 953 846 992; x_wconf 88' lang='lat' dir='ltr'>vidit</span> <span class='ocrx_word' id='word_1_94' title='bbox 878 953 924 992; x_wconf 93' lang='lat' dir='ltr'>ab</span> <span class='ocrx_word' id='word_1_95' title='bbox 957 955 1039 1003; x_wconf 89' lang='lat' dir='ltr'>ipse</span> <span class='ocrx_word' id='word_1_96' title='bbox 1074 965 1165 992; x_wconf 90' lang='lat' dir='ltr'>sua:</span> 
     </span>
     <span class='ocr_line' id='line_1_16' title="bbox 314 1011 1394 1062; baseline 0 -13"><span class='ocrx_word' id='word_1_97' title='bbox 314 1011 363 1050; x_wconf 81' lang='lat' dir='ltr'>Ut</span> <span class='ocrx_word' id='word_1_98' title='bbox 395 1011 497 1049; x_wconf 90' lang='lat' dir='ltr'>Sinis</span> <span class='ocrx_word' id='word_1_99' title='bbox 531 1018 569 1050; x_wconf 89' lang='lat' dir='ltr'>et</span> <span class='ocrx_word' id='word_1_100' title='bbox 602 1011 741 1050; x_wconf 86' lang='lat' dir='ltr'>Sciron</span> <span class='ocrx_word' id='word_1_101' title='bbox 773 1018 811 1050; x_wconf 92' lang='lat' dir='ltr'>et</span> <span class='ocrx_word' id='word_1_102' title='bbox 843 1024 931 1050; x_wconf 88' lang='lat' dir='ltr'>curn</span> <span class='ocrx_word' id='word_1_103' title='bbox 963 1011 1222 1062; x_wconf 70' lang='lat' dir='ltr'>Polypemone</span> <span class='ocrx_word' id='word_1_104' title='bbox 1256 1017 1394 1050; x_wconf 89' lang='lat' dir='ltr'>natus:</span> 
     </span>
     <span class='ocr_line' id='line_1_17' title="bbox 373 1069 1437 1120; baseline 0.001 -13"><span class='ocrx_word' id='word_1_105' title='bbox 373 1069 525 1119; x_wconf 85' lang='lat' dir='ltr'>Quique</span> <span class='ocrx_word' id='word_1_106' title='bbox 558 1069 672 1107; x_wconf 90' lang='lat' dir='ltr'>homo</span> <span class='ocrx_word' id='word_1_107' title='bbox 704 1075 812 1119; x_wconf 88' lang='lat' dir='ltr'>parte</span> <span class='ocrx_word' id='word_1_108' title='bbox 847 1071 935 1120; x_wconf 87' lang='lat' dir='ltr'>sui,</span> <span class='ocrx_word' id='word_1_109' title='bbox 968 1075 1077 1119; x_wconf 87' lang='lat' dir='ltr'>parte</span> <span class='ocrx_word' id='word_1_110' title='bbox 1109 1072 1298 1108; x_wconf 85' lang='lat' dir='ltr'>iuvencus</span> <span class='ocrx_word' id='word_1_111' title='bbox 1331 1075 1437 1108; x_wconf 88' lang='lat' dir='ltr'>erat:</span> 
     </span>
     <span class='ocr_line' id='line_1_18' title="bbox 317 1127 1526 1180; baseline 0.001 -15"><span class='ocrx_word' id='word_1_112' title='bbox 317 1127 468 1177; x_wconf 88' lang='lat' dir='ltr'>Quique</span> <span class='ocrx_word' id='word_1_113' title='bbox 502 1127 631 1165; x_wconf 91' lang='lat' dir='ltr'>trabes</span> <span class='ocrx_word' id='word_1_114' title='bbox 662 1139 817 1177; x_wconf 89' lang='lat' dir='ltr'>pressas</span> <span class='ocrx_word' id='word_1_115' title='bbox 849 1129 889 1165; x_wconf 90' lang='lat' dir='ltr'>in</span> <span class='ocrx_word' id='word_1_116' title='bbox 915 1127 1077 1165; x_wconf 88' lang='lat' dir='ltr'>humum</span> <span class='ocrx_word' id='word_1_117' title='bbox 1109 1127 1287 1166; x_wconf 83' lang='lat' dir='ltr'>mittebat</span> <span class='ocrx_word' id='word_1_118' title='bbox 1318 1129 1357 1166; x_wconf 90' lang='lat' dir='ltr'>in</span> <span class='ocrx_word' id='word_1_119' title='bbox 1389 1139 1526 1180; x_wconf 88' lang='lat' dir='ltr'>auras,</span> 
     </span>
     <span class='ocr_line' id='line_1_19' title="bbox 225 1185 1327 1235; baseline 0 -11"><span class='ocrx_word' id='word_1_120' title='bbox 225 1194 292 1224; x_wconf 80' lang='lat'>410</span> <span class='ocrx_word' id='word_1_121' title='bbox 372 1186 563 1235; x_wconf 87' lang='lat' dir='ltr'>Aequoris</span> <span class='ocrx_word' id='word_1_122' title='bbox 596 1186 787 1235; x_wconf 87' lang='lat' dir='ltr'>aspiciens</span> <span class='ocrx_word' id='word_1_123' title='bbox 820 1185 935 1223; x_wconf 91' lang='lat' dir='ltr'>huius</span> <span class='ocrx_word' id='word_1_124' title='bbox 968 1191 1006 1223; x_wconf 88' lang='lat' dir='ltr'>et</span> <span class='ocrx_word' id='word_1_125' title='bbox 1037 1185 1153 1223; x_wconf 88' lang='lat' dir='ltr'>huius</span> <span class='ocrx_word' id='word_1_126' title='bbox 1186 1197 1327 1235; x_wconf 87' lang='lat' dir='ltr'>aquas:</span> 
     </span>
     <span class='ocr_line' id='line_1_20' title="bbox 315 1243 1280 1294; baseline 0 -13"><span class='ocrx_word' id='word_1_127' title='bbox 315 1243 499 1294; x_wconf 87' lang='lat' dir='ltr'>Quaeque</span> <span class='ocrx_word' id='word_1_128' title='bbox 532 1243 648 1281; x_wconf 87' lang='lat' dir='ltr'>Ceres</span> <span class='ocrx_word' id='word_1_129' title='bbox 681 1243 780 1281; x_wconf 88' lang='lat' dir='ltr'>laeto</span> <span class='ocrx_word' id='word_1_130' title='bbox 813 1243 907 1281; x_wconf 85' lang='lat' dir='ltr'>vidit</span> <span class='ocrx_word' id='word_1_131' title='bbox 937 1245 1140 1293; x_wconf 84' lang='lat' dir='ltr'>pereuntia</span> <span class='ocrx_word' id='word_1_132' title='bbox 1173 1243 1280 1282; x_wconf 87' lang='lat' dir='ltr'>vultu</span> 
     </span>
     <span class='ocr_line' id='line_1_21' title="bbox 373 1300 1148 1352; baseline 0 -13"><span class='ocrx_word' id='word_1_133' title='bbox 373 1301 544 1352; x_wconf 86' lang='lat' dir='ltr'>Corpora</span> <span class='ocrx_word' id='word_1_134' title='bbox 576 1301 724 1339; x_wconf 89' lang='lat' dir='ltr'>Thesea</span> <span class='ocrx_word' id='word_1_135' title='bbox 757 1300 977 1352; x_wconf 71' lang='lat' dir='ltr'>Cercyonea</span> <span class='ocrx_word' id='word_1_136' title='bbox 1010 1313 1148 1339; x_wconf 90' lang='lat' dir='ltr'>manu.</span> 
     </span>
     <span class='ocr_line' id='line_1_22' title="bbox 316 1358 1526 1410; baseline 0.001 -13"><span class='ocrx_word' id='word_1_137' title='bbox 316 1359 417 1397; x_wconf 90' lang='lat' dir='ltr'>Haec</span> <span class='ocrx_word' id='word_1_138' title='bbox 450 1359 543 1410; x_wconf 88' lang='lat' dir='ltr'>tibi,</span> <span class='ocrx_word' id='word_1_139' title='bbox 583 1371 699 1410; x_wconf 89' lang='lat' dir='ltr'>quem</span> <span class='ocrx_word' id='word_1_140' title='bbox 732 1360 880 1397; x_wconf 85' lang='lat' dir='ltr'>meritis</span> <span class='ocrx_word' id='word_1_141' title='bbox 912 1359 1095 1409; x_wconf 87' lang='lat' dir='ltr'>precibus</span> <span class='ocrx_word' id='word_1_142' title='bbox 1130 1371 1215 1397; x_wconf 87' lang='lat' dir='ltr'>mea</span> <span class='ocrx_word' id='word_1_143' title='bbox 1250 1358 1412 1398; x_wconf 78' lang='lat' dir='ltr'>devovet</span> <span class='ocrx_word' id='word_1_144' title='bbox 1443 1360 1526 1410; x_wconf 86' lang='lat' dir='ltr'>ira,</span> 
     </span>
     <span class='ocr_line' id='line_1_23' title="bbox 372 1417 1227 1469; baseline 0 -14"><span class='ocrx_word' id='word_1_145' title='bbox 372 1417 590 1469; x_wconf 82' lang='lat' dir='ltr'>Eveniant,</span> <span class='ocrx_word' id='word_1_146' title='bbox 623 1424 688 1456; x_wconf 79' lang='lat' dir='ltr'>aut</span> <span class='ocrx_word' id='word_1_147' title='bbox 718 1417 779 1455; x_wconf 91' lang='lat' dir='ltr'>his</span> <span class='ocrx_word' id='word_1_148' title='bbox 811 1429 888 1455; x_wconf 87' lang='lat' dir='ltr'>non</span> <span class='ocrx_word' id='word_1_149' title='bbox 920 1417 1064 1455; x_wconf 84' lang='lat' dir='ltr'>leviora</span> <span class='ocrx_word' id='word_1_150' title='bbox 1095 1417 1227 1455; x_wconf 88' lang='lat' dir='ltr'>malis:</span> 
     </span>
     <span class='ocr_line' id='line_1_24' title="bbox 226 1474 1404 1528; baseline 0 -15"><span class='ocrx_word' id='word_1_151' title='bbox 226 1485 293 1514; x_wconf 78' lang='lat'>415</span> <span class='ocrx_word' id='word_1_152' title='bbox 316 1475 446 1521; x_wconf 90' lang='lat' dir='ltr'>Qualis</span> <span class='ocrx_word' id='word_1_153' title='bbox 478 1475 783 1514; x_wconf 85' lang='lat' dir='ltr'>Achaemenides</span> <span class='ocrx_word' id='word_1_154' title='bbox 816 1474 943 1513; x_wconf 90' lang='lat' dir='ltr'>Sicula</span> <span class='ocrx_word' id='word_1_155' title='bbox 976 1475 1154 1513; x_wconf 87' lang='lat' dir='ltr'>desertus</span> <span class='ocrx_word' id='word_1_156' title='bbox 1186 1477 1226 1513; x_wconf 92' lang='lat' dir='ltr'>in</span> <span class='ocrx_word' id='word_1_157' title='bbox 1257 1475 1404 1528; x_wconf 82' lang='lat' dir='ltr'>Aetna,</span> 
     </span>
     <span class='ocr_line' id='line_1_25' title="bbox 374 1532 1194 1584; baseline 0 -13"><span class='ocrx_word' id='word_1_158' title='bbox 374 1533 512 1571; x_wconf 85' lang='lat' dir='ltr'>Troica</span> <span class='ocrx_word' id='word_1_159' title='bbox 545 1545 632 1571; x_wconf 88' lang='lat' dir='ltr'>cum</span> <span class='ocrx_word' id='word_1_160' title='bbox 666 1533 760 1571; x_wconf 83' lang='lat' dir='ltr'>vidit</span> <span class='ocrx_word' id='word_1_161' title='bbox 791 1532 872 1571; x_wconf 86' lang='lat' dir='ltr'>vela</span> <span class='ocrx_word' id='word_1_162' title='bbox 904 1534 1036 1571; x_wconf 90' lang='lat' dir='ltr'>venire</span> <span class='ocrx_word' id='word_1_163' title='bbox 1056 1564 1066 1584; x_wconf 93' lang='lat'>,</span> <span class='ocrx_word' id='word_1_164' title='bbox 1099 1533 1194 1572; x_wconf 86' lang='lat' dir='ltr'>fuit:</span> 
     </span>
     <span class='ocr_line' id='line_1_26' title="bbox 316 1590 1309 1642; baseline 0 -13"><span class='ocrx_word' id='word_1_165' title='bbox 316 1591 448 1637; x_wconf 91' lang='lat' dir='ltr'>Qualis</span> <span class='ocrx_word' id='word_1_166' title='bbox 481 1597 564 1629; x_wconf 89' lang='lat' dir='ltr'>erat</span> <span class='ocrx_word' id='word_1_167' title='bbox 594 1603 666 1629; x_wconf 85' lang='lat' dir='ltr'>nec</span> <span class='ocrx_word' id='word_1_168' title='bbox 698 1603 776 1629; x_wconf 91' lang='lat' dir='ltr'>non</span> <span class='ocrx_word' id='word_1_169' title='bbox 808 1592 961 1629; x_wconf 88' lang='lat' dir='ltr'>fortuna</span> <span class='ocrx_word' id='word_1_170' title='bbox 994 1591 1202 1629; x_wconf 86' lang='lat' dir='ltr'>binominis</span> <span class='ocrx_word' id='word_1_171' title='bbox 1234 1590 1309 1642; x_wconf 88' lang='lat' dir='ltr'>Iri,</span> 
     </span>
     <span class='ocr_line' id='line_1_27' title="bbox 376 1648 1466 1699; baseline 0 -12"><span class='ocrx_word' id='word_1_172' title='bbox 376 1648 546 1699; x_wconf 88' lang='lat' dir='ltr'>[Quique</span> <span class='ocrx_word' id='word_1_173' title='bbox 579 1655 714 1687; x_wconf 89' lang='lat' dir='ltr'>tenent</span> <span class='ocrx_word' id='word_1_174' title='bbox 744 1655 901 1699; x_wconf 89' lang='lat' dir='ltr'>pontem</span> <span class='ocrx_word' id='word_1_175' title='bbox 921 1679 931 1699; x_wconf 92' lang='lat'>,</span> <span class='ocrx_word' id='word_1_176' title='bbox 965 1661 1061 1699; x_wconf 89' lang='lat' dir='ltr'>quae</span> <span class='ocrx_word' id='word_1_177' title='bbox 1094 1648 1165 1687; x_wconf 88' lang='lat' dir='ltr'>tibi</span> <span class='ocrx_word' id='word_1_178' title='bbox 1197 1650 1318 1687; x_wconf 88' lang='lat' dir='ltr'>maior</span> <span class='ocrx_word' id='word_1_179' title='bbox 1350 1650 1425 1688; x_wconf 87' lang='lat' dir='ltr'>erit</span> <span class='ocrx_word' id='word_1_180' title='bbox 1438 1648 1466 1699; x_wconf 94' lang='lat'>.]</span> 
     </span>
     <span class='ocr_line' id='line_1_28' title="bbox 315 1706 1526 1759; baseline 0.001 -14"><span class='ocrx_word' id='word_1_181' title='bbox 315 1707 436 1745; x_wconf 88' lang='lat' dir='ltr'>Filius</span> <span class='ocrx_word' id='word_1_182' title='bbox 469 1712 506 1745; x_wconf 92' lang='lat' dir='ltr'>et</span> <span class='ocrx_word' id='word_1_183' title='bbox 538 1706 690 1745; x_wconf 88' lang='lat' dir='ltr'>Cereris</span> <span class='ocrx_word' id='word_1_184' title='bbox 724 1707 867 1745; x_wconf 87' lang='lat' dir='ltr'>frustra</span> <span class='ocrx_word' id='word_1_185' title='bbox 898 1706 969 1745; x_wconf 92' lang='lat' dir='ltr'>tibi</span> <span class='ocrx_word' id='word_1_186' title='bbox 1001 1718 1154 1757; x_wconf 86' lang='lat' dir='ltr'>semper</span> <span class='ocrx_word' id='word_1_187' title='bbox 1187 1714 1360 1759; x_wconf 86' lang='lat' dir='ltr'>ametur,</span> <span class='ocrx_word' id='word_1_188' title='bbox 1467 1709 1526 1753; x_wconf 81' lang='lat'>(20)</span> 
     </span>
     <span class='ocr_line' id='line_1_29' title="bbox 226 1765 1247 1815; baseline 0 -12"><span class='ocrx_word' id='word_1_189' title='bbox 226 1774 294 1805; x_wconf 76' lang='lat'>420</span> <span class='ocrx_word' id='word_1_190' title='bbox 373 1765 642 1815; x_wconf 86' lang='lat' dir='ltr'>Destituatque</span> <span class='ocrx_word' id='word_1_191' title='bbox 675 1771 761 1803; x_wconf 91' lang='lat' dir='ltr'>tuas</span> <span class='ocrx_word' id='word_1_192' title='bbox 794 1777 918 1815; x_wconf 85' lang='lat' dir='ltr'>usque</span> <span class='ocrx_word' id='word_1_193' title='bbox 950 1766 1095 1815; x_wconf 86' lang='lat' dir='ltr'>petitus</span> <span class='ocrx_word' id='word_1_194' title='bbox 1129 1777 1247 1815; x_wconf 89' lang='lat' dir='ltr'>opes:</span> 
     </span>
     <span class='ocr_line' id='line_1_30' title="bbox 317 1822 1280 1874; baseline -0.001 -12"><span class='ocrx_word' id='word_1_195' title='bbox 317 1823 443 1874; x_wconf 90' lang='lat' dir='ltr'>thue</span> <span class='ocrx_word' id='word_1_196' title='bbox 475 1835 544 1874; x_wconf 89' lang='lat' dir='ltr'>per</span> <span class='ocrx_word' id='word_1_197' title='bbox 577 1822 746 1861; x_wconf 88' lang='lat' dir='ltr'>alternos</span> <span class='ocrx_word' id='word_1_198' title='bbox 778 1823 879 1861; x_wconf 87' lang='lat' dir='ltr'>unda</span> <span class='ocrx_word' id='word_1_199' title='bbox 911 1823 1063 1862; x_wconf 90' lang='lat' dir='ltr'>labente</span> <span class='ocrx_word' id='word_1_200' title='bbox 1095 1835 1280 1861; x_wconf 86' lang='lat' dir='ltr'>recursus</span> 
     </span>
     <span class='ocr_line' id='line_1_31' title="bbox 376 1880 1269 1931; baseline 0 -12"><span class='ocrx_word' id='word_1_201' title='bbox 376 1880 626 1919; x_wconf 88' lang='lat' dir='ltr'>Subtrahitur</span> <span class='ocrx_word' id='word_1_202' title='bbox 657 1893 792 1931; x_wconf 83' lang='lat' dir='ltr'>presso</span> <span class='ocrx_word' id='word_1_203' title='bbox 825 1881 950 1919; x_wconf 91' lang='lat' dir='ltr'>mollis</span> <span class='ocrx_word' id='word_1_204' title='bbox 982 1881 1126 1919; x_wconf 85' lang='lat' dir='ltr'>harena</span> <span class='ocrx_word' id='word_1_205' title='bbox 1156 1880 1269 1931; x_wconf 87' lang='lat' dir='ltr'>pedi,</span> 
     </span>
     <span class='ocr_line' id='line_1_32' title="bbox 319 1939 1367 1990; baseline 0 -13"><span class='ocrx_word' id='word_1_206' title='bbox 319 1939 381 1978; x_wconf 83' lang='lat' dir='ltr'>Sic</span> <span class='ocrx_word' id='word_1_207' title='bbox 413 1945 478 1977; x_wconf 88' lang='lat' dir='ltr'>tua</span> <span class='ocrx_word' id='word_1_208' title='bbox 511 1940 642 1977; x_wconf 88' lang='lat' dir='ltr'>nescio</span> <span class='ocrx_word' id='word_1_209' title='bbox 676 1951 749 1989; x_wconf 87' lang='lat' dir='ltr'>qua</span> <span class='ocrx_word' id='word_1_210' title='bbox 782 1951 936 1990; x_wconf 90' lang='lat' dir='ltr'>semper</span> <span class='ocrx_word' id='word_1_211' title='bbox 968 1940 1123 1978; x_wconf 83' lang='lat' dir='ltr'>fortuna</span> <span class='ocrx_word' id='word_1_212' title='bbox 1154 1939 1367 1990; x_wconf 91' lang='lat' dir='ltr'>liquescat,</span> 
     </span>
     <span class='ocr_line' id='line_1_33' title="bbox 375 1996 1366 2048; baseline 0 -13"><span class='ocrx_word' id='word_1_213' title='bbox 375 1996 575 2048; x_wconf 88' lang='lat' dir='ltr'>Lapsaque</span> <span class='ocrx_word' id='word_1_214' title='bbox 607 2009 677 2047; x_wconf 88' lang='lat' dir='ltr'>per</span> <span class='ocrx_word' id='word_1_215' title='bbox 707 1997 852 2035; x_wconf 88' lang='lat' dir='ltr'>medias</span> <span class='ocrx_word' id='word_1_216' title='bbox 887 1997 1019 2036; x_wconf 84' lang='lat' dir='ltr'>effluat</span> <span class='ocrx_word' id='word_1_217' title='bbox 1050 2009 1174 2047; x_wconf 90' lang='lat' dir='ltr'>usque</span> <span class='ocrx_word' id='word_1_218' title='bbox 1206 2008 1366 2035; x_wconf 89' lang='lat' dir='ltr'>manus.</span> 
     </span>
     <span class='ocr_line' id='line_1_34' title="bbox 229 2054 1286 2106; baseline -0.001 -12"><span class='ocrx_word' id='word_1_219' title='bbox 229 2064 296 2094; x_wconf 72' lang='lat'>425</span> <span class='ocrx_word' id='word_1_220' title='bbox 318 2055 444 2106; x_wconf 86' lang='lat' dir='ltr'>thue</span> <span class='ocrx_word' id='word_1_221' title='bbox 477 2061 587 2105; x_wconf 84' lang='lat' dir='ltr'>pater</span> <span class='ocrx_word' id='word_1_222' title='bbox 619 2054 752 2093; x_wconf 88' lang='lat' dir='ltr'>solitae</span> <span class='ocrx_word' id='word_1_223' title='bbox 782 2057 905 2093; x_wconf 84' lang='lat' dir='ltr'>varias</span> <span class='ocrx_word' id='word_1_224' title='bbox 937 2061 1087 2093; x_wconf 83' lang='lat' dir='ltr'>mutare</span> <span class='ocrx_word' id='word_1_225' title='bbox 1120 2055 1286 2106; x_wconf 84' lang='lat' dir='ltr'>figuras,</span> 
     </span>
     <span class='ocr_line' id='line_1_35' title="bbox 375 2113 1163 2152; baseline -0.001 -1"><span class='ocrx_word' id='word_1_226' title='bbox 375 2113 518 2152; x_wconf 89' lang='lat' dir='ltr'>Plenus</span> <span class='ocrx_word' id='word_1_227' title='bbox 550 2114 762 2152; x_wconf 82' lang='lat' dir='ltr'>inextincta</span> <span class='ocrx_word' id='word_1_228' title='bbox 795 2113 1007 2151; x_wconf 86' lang='lat' dir='ltr'>destituare</span> <span class='ocrx_word' id='word_1_229' title='bbox 1041 2113 1163 2150; x_wconf 85' lang='lat' dir='ltr'>fame.</span> 
     </span>
     <span class='ocr_line' id='line_1_36' title="bbox 317 2170 1386 2221; baseline -0.001 -12"><span class='ocrx_word' id='word_1_230' title='bbox 317 2170 396 2209; x_wconf 78' lang='lat' dir='ltr'>Nec</span> <span class='ocrx_word' id='word_1_231' title='bbox 429 2171 536 2221; x_wconf 88' lang='lat' dir='ltr'>dapis</span> <span class='ocrx_word' id='word_1_232' title='bbox 569 2171 757 2210; x_wconf 87' lang='lat' dir='ltr'>humanae</span> <span class='ocrx_word' id='word_1_233' title='bbox 792 2171 861 2209; x_wconf 90' lang='lat' dir='ltr'>tibi</span> <span class='ocrx_word' id='word_1_234' title='bbox 893 2173 971 2209; x_wconf 87' lang='lat' dir='ltr'>sint</span> <span class='ocrx_word' id='word_1_235' title='bbox 1002 2171 1153 2209; x_wconf 84' lang='lat' dir='ltr'>fastidia</span> <span class='ocrx_word' id='word_1_236' title='bbox 1174 2200 1182 2209; x_wconf 90' lang='lat'><em>.</em></span> <span class='ocrx_word' id='word_1_237' title='bbox 1233 2181 1386 2221; x_wconf 84' lang='lat' dir='ltr'>quaque</span> 
     </span>
     <span class='ocr_line' id='line_1_37' title="bbox 374 2228 1346 2281; baseline -0.001 -14"><span class='ocrx_word' id='word_1_238' title='bbox 374 2229 489 2268; x_wconf 91' lang='lat' dir='ltr'>Parte</span> <span class='ocrx_word' id='word_1_239' title='bbox 521 2235 661 2281; x_wconf 84' lang='lat' dir='ltr'>potes,</span> <span class='ocrx_word' id='word_1_240' title='bbox 694 2229 846 2280; x_wconf 73' lang='lat' dir='ltr'>Tydeus</span> <span class='ocrx_word' id='word_1_241' title='bbox 880 2230 1065 2279; x_wconf 88' lang='lat' dir='ltr'>temporis</span> <span class='ocrx_word' id='word_1_242' title='bbox 1098 2228 1214 2267; x_wconf 89' lang='lat' dir='ltr'>huius</span> <span class='ocrx_word' id='word_1_243' title='bbox 1246 2229 1346 2266; x_wconf 83' lang='lat' dir='ltr'>eriS.</span> 
     </span>
     <span class='ocr_line' id='line_1_38' title="bbox 317 2285 1394 2339; baseline -0.002 -14"><span class='ocrx_word' id='word_1_244' title='bbox 317 2288 443 2339; x_wconf 84' lang='lat' dir='ltr'>Atque</span> <span class='ocrx_word' id='word_1_245' title='bbox 475 2287 619 2338; x_wconf 88' lang='lat' dir='ltr'>aliquid</span> <span class='ocrx_word' id='word_1_246' title='bbox 651 2287 767 2326; x_wconf 83' lang='lat' dir='ltr'>facias</span> <span class='ocrx_word' id='word_1_247' title='bbox 786 2319 796 2339; x_wconf 97' lang='lat'>,</span> <span class='ocrx_word' id='word_1_248' title='bbox 829 2299 849 2326; x_wconf 85' lang='lat' dir='ltr'>a</span> <span class='ocrx_word' id='word_1_249' title='bbox 879 2299 1041 2338; x_wconf 78' lang='lat' dir='ltr'>vespere</span> <span class='ocrx_word' id='word_1_250' title='bbox 1074 2286 1173 2325; x_wconf 86' lang='lat' dir='ltr'>Solis</span> <span class='ocrx_word' id='word_1_251' title='bbox 1205 2285 1251 2324; x_wconf 86' lang='lat' dir='ltr'>ad</span> <span class='ocrx_word' id='word_1_252' title='bbox 1284 2290 1394 2324; x_wconf 88' lang='lat' dir='ltr'>ortus</span> 
     </span>
    </p>
   </div>
  </div>
 </body>
</html>
