1575 2489
518 91 559 124 V.
586 98 630 124 1v
648 91 770 124 48—v
789 91 844 123 64.
1291 85 1347 127 89

134 199 304 239 Consilio
336 199 492 248 fugiunt
523 198 709 250 aethera,
741 197 864 236 Ponte
883 228 894 248 ,
925 202 1059 235 tuum.

135 257 304 296 Consilio
324 287 335 308 ,
367 268 572 294 commune
606 267 760 294 sacrum
792 267 881 294 cum
913 255 978 292 fiat
1009 256 1048 291 in
1081 265 1146 292 ara

135 314 368 366 Fratribus,
400 314 547 352 alterna
580 316 648 364 qui
679 315 832 364 periere
864 324 1004 364 mann,

71 381 114 413 35
134 373 221 424 Ipsa
253 372 327 411 sibi
358 372 509 410 discors
528 402 539 423 ,
571 377 766 422 tamquam
799 370 1005 409 mandetur
1037 369 1083 408 ab
1115 368 1215 421 illis,

136 430 337 469 Scinditur
368 431 408 468 in
439 435 571 481 partes
605 435 686 468 atra
718 429 843 468 favilla
875 428 992 467 duas.

135 489 217 527 Hoc
238 520 248 540 ,
280 489 468 539 memini,
501 488 695 538 quondam
728 488 812 526 fieri
844 498 922 525 non
954 497 1068 538 posse
1099 484 1311 538 loquebar,

135 546 188 585 Et
218 559 279 585 me
312 546 506 584 Battiades
538 546 665 584 iudice
699 546 818 584 falsus
851 551 956 583 erat:

138 605 276 643 Omnia
308 616 412 643 nunc
445 604 562 643 credo
583 636 593 655 ,
626 616 714 643 cum
746 609 788 642 tu
820 615 898 641 non
931 601 1073 641 stultus
1106 601 1153 640 ab
1185 607 1291 639 arcto

71 671 115 702 40
135 663 290 714 Terga,
321 674 468 714 vapor,
501 662 655 700 dederis
687 662 975 711 Ausoniamque
1007 665 1141 711 petas.

135 720 239 760 Haec
273 733 364 771 ergo
398 720 463 759 lux
496 726 584 770 est,
617 732 715 771 quae
749 721 781 758 si
812 731 889 757 non
922 723 1007 756 orta
1038 718 1200 769 fuisset,

136 779 249 817 Nulla
282 780 355 817 fuit
386 780 530 817 misero
563 780 660 816 festa
692 777 856 816 videnda
887 776 1004 814 mihi.

137 837 270 875 Edidit
301 837 396 875 haec
428 849 558 874 mores
590 836 665 874 illis
696 836 870 874 heroisin
902 845 1072 885 aequos,

141 895 238 940 Quis
271 901 355 933 erat
386 894 525 933 Eetion
557 894 783 944 Icariusque
816 898 949 943 pater.

74 961 117 992 45
137 953 233 992 Nata
265 953 452 1003 pudicitia
484 958 544 991 est
574 949 604 1002 †
636 954 756 990 moris
788 951 1040 1002 probitasque
1072 949 1270 1000 fidesque:

139 1011 188 1050 At
219 1023 296 1049 non
329 1016 421 1049 sunt
451 1012 525 1049 ista
557 1010 695 1061 gaudia
727 1016 815 1048 nata
848 1010 932 1060 die,

139 1069 215 1108 Sed
247 1069 356 1108 labor
388 1074 427 1108 et
459 1081 575 1107 curae
608 1069 843 1118 fortunaque
876 1067 1051 1106 moribus
1082 1068 1231 1117 impar,

138 1127 322 1178 Iustaque
355 1127 403 1165 de
436 1127 551 1166 viduo
583 1139 706 1177 paene
739 1126 911 1176 querella
943 1130 1050 1165 toro.

142 1185 300 1224 Scilicet
331 1185 503 1224 adversis
535 1185 709 1236 probitas
742 1186 912 1223 exercita
944 1183 1063 1222 rebus

75 1252 119 1283 50
139 1244 260 1282 Tristi
291 1246 493 1282 materiam
524 1249 700 1294 tempore
733 1243 856 1281 laudis
888 1242 1027 1281 habet.

142 1302 184 1341 Si
216 1302 311 1340 nihil
343 1302 475 1340 infesti
506 1302 629 1341 durus
661 1301 821 1339 vidisset
852 1300 1007 1351 Ulixes,

140 1361 335 1411 Penelope
369 1360 487 1412 felix,
521 1360 588 1398 sed
622 1361 705 1398 sine
737 1359 849 1397 laude
882 1359 1006 1397 foret.

140 1418 273 1457 Victor
304 1418 513 1456 Echionias
546 1420 578 1457 si
610 1419 668 1456 vir
699 1423 945 1468 penetrasset
975 1418 1014 1454 in
1048 1427 1181 1468 arces,

140 1477 318 1515 Forsitan
352 1476 540 1515 Euadnen
572 1478 634 1514 vix
666 1488 735 1514 sua
767 1480 901 1513 nosset
932 1474 1100 1513 humus.

81 1543 121 1574 55
143 1535 240 1573 Cum
271 1535 375 1573 Pelia
408 1537 559 1586 genitae
592 1540 650 1572 tot
682 1535 790 1585 sint,
822 1545 893 1571 cur
924 1532 1066 1571 nobilis
1097 1544 1174 1570 una
1207 1529 1300 1570 est?

144 1593 291 1644 Nempe
324 1593 397 1632 fuit
427 1595 571 1631 misero
604 1598 725 1643 nupta
759 1591 862 1642 quod
895 1603 972 1630 una
1003 1592 1109 1629 viro.

143 1651 264 1690 Effice
283 1683 295 1704 ,
326 1657 370 1690 ut
400 1651 536 1690 Iliacas
567 1657 700 1701 tangat
731 1652 838 1701 prior
871 1649 968 1688 alter
999 1649 1189 1687 harenas:

144 1709 349 1748 Laodamia
383 1710 477 1748 nihil
509 1722 581 1748 cur
612 1710 806 1748 referatur
825 1739 836 1760 ,
869 1709 954 1747 erit.

143 1768 192 1806 Et
223 1774 287 1807 tua
307 1799 317 1819 ,
351 1769 453 1819 quod
486 1767 618 1806 malles
637 1798 648 1817 ,
679 1769 802 1818 pietas
834 1768 966 1817 ignota
997 1770 1196 1816 maneret,

84 1826 358 1878 601mplerent
389 1828 494 1865 venti
526 1827 559 1864 si
590 1838 674 1864 mea
706 1825 788 1864 vela
821 1826 905 1864 sui.

145 1884 191 1923 Di
222 1892 351 1923 tamen
384 1890 423 1923 et
456 1884 597 1923 Caesar
629 1884 688 1923 dis
720 1895 955 1934 accessure,
988 1882 1056 1921 sed
1088 1881 1205 1933 olim,

148 1943 362 1994 Aequarint
392 1943 521 1994 Pylios
553 1954 642 1981 cum
674 1948 739 1981 tua
772 1942 847 1980 fata
880 1941 986 1992 dies,

147 2000 233 2039 Non
264 2001 359 2039 mihi
380 2032 390 2052 ,
423 2003 489 2051 qui
520 2013 685 2052 poenam
717 2001 841 2039 fateor
873 2001 1063 2038 meruisse
1083 2030 1094 2050 ,
1125 1996 1193 2036 sed
1226 1996 1281 2035 illi

150 2059 302 2098 Parcite
321 2090 332 2112 ,
364 2072 462 2111 quae
495 2059 600 2098 nullo
633 2059 747 2110 digna
779 2058 912 2097 dolore
945 2055 1070 2095 dolet!
