1601 2484
208 53 263 94 58
767 53 993 86 TRISTmM

326 163 411 201 Non
444 163 520 201 nisi
551 162 697 199 vicinas
730 166 839 199 tutus
870 162 989 199 ararit
1020 173 1160 211 aquas.

327 221 453 258 Rarus
485 219 531 258 ab
564 218 670 256 Italia
703 224 853 256 tantum
884 230 990 257 mare
1022 221 1149 257 navita
1180 219 1342 270 transit,

327 278 458 316 Litora
489 288 601 314 rarus
633 278 672 314 in
704 276 799 314 haec
831 276 1022 326 portubus
1055 276 1149 315 orba
1180 278 1306 315 venit.

330 335 417 373 Sive
450 340 579 372 tamen
612 333 756 372 Graeca
789 335 950 386 scierit,
982 336 1061 373 sive
1093 334 1156 372 ille
1188 333 1323 372 Latina

267 401 311 432 4ο
332 393 432 431 Voce
464 392 600 443 loqui,
631 412 688 419 —
720 397 825 430 certe
857 394 1003 442 gratior
1034 392 1151 431 huius
1184 394 1283 443 erit3

328 450 401 489 Fas
428 462 584 501 quoque
616 449 663 488 ab
690 462 756 488 ore
789 450 879 488 freti
903 450 1116 501 longaeque
1143 449 1400 500 Propontidos
1426 450 1542 489 undis

329 508 413 546 Huc
446 508 614 559 aliquem
646 514 753 546 certo
785 507 867 545 vela
899 508 1053 546 dedisse
1086 513 1178 546 noto
1215 529 1263 535 —

330 566 516 616 Quisquis
547 567 581 604 is
612 571 700 617 est,
732 567 894 604 memori
927 578 1124 604 rumorem
1156 578 1248 604 voce
1280 566 1428 605 referre

330 624 379 662 Et
410 625 496 662 fieri
527 624 648 662 famae
681 636 849 674 parsque
881 624 1102 674 gradusque
1135 629 1285 674 potest.

265 691 308 721 45
330 683 366 720 Is
387 713 398 733 ,
429 694 598 733 precor,
631 682 782 720 auditos
814 683 938 732 possit
969 693 1128 720 narrare
1161 682 1378 733 triumphos

330 740 504 779 Caesaris
538 745 576 778 et
606 739 714 778 Latio
747 740 897 778 reddita
929 745 1015 778 vota
1048 740 1152 790 Iovi,

329 798 462 849 Teque
481 830 491 850 ‚
524 797 746 837 rebellatrix
765 828 776 849 ,
808 797 963 836 tandem
981 828 993 849 ‚
1025 797 1230 836 Germania
1247 828 1258 849 ,
1289 799 1419 848 magni

330 856 458 895 Triste
490 861 607 906 caput
637 856 801 906 pedibus
835 857 1087 907 supposuisse
1120 856 1254 894 ducis.

330 914 434 953 Haec
465 914 561 952 mihi
593 916 661 965 qui
692 914 837 952 referet
854 945 865 965 ,
898 926 995 965 quae
1027 926 1105 952 non
1138 914 1279 952 vidisse
1312 914 1472 965 dolebo,

266 981 310 1011 50
330 972 397 1011 Ille
430 984 536 1011 meae
569 973 701 1011 domui
731 973 911 1022 protinus
944 972 1084 1023 hospes
1117 974 1214 1012 erit.

331 1030 377 1068 Ei
402 1030 519 1069 mihi!
563 1032 689 1069 iamne
716 1031 853 1069 domus
880 1030 1061 1081 Scythico
1087 1030 1252 1069 Nasonis
1277 1031 1317 1069 in
1344 1030 1438 1068 orbe
1466 1036 1544 1081 est,

331 1089 488 1138 Iamque
521 1100 635 1127 suum
667 1089 763 1126 mihi
794 1088 858 1126 dat
889 1101 959 1139 pro
992 1088 1070 1126 lare
1101 1100 1225 1139 poena
1257 1087 1420 1127 locum?

330 1146 376 1184 Di
408 1147 521 1184 facite
541 1178 551 1198 ,
583 1152 626 1184 ut
658 1146 799 1184 Caesar
830 1158 906 1184 non
940 1146 1002 1184 hio
1033 1146 1231 1196 penetrale
1264 1147 1521 1198 domumque,

332 1204 555 1255 Hospitium
586 1216 734 1255 poenae
765 1204 832 1242 sed
865 1204 956 1242 velit
988 1215 1073 1242 esse
1107 1203 1235 1244 meae!

815 1332 942 1378 XIII.

332 1437 433 1476 Ecce
472 1448 737 1487 supervacuus
761 1458 810 1463 —
834 1436 926 1487 quid
959 1438 1062 1475 enim
1095 1437 1168 1475 fuit
1198 1437 1293 1475 utile
1331 1435 1471 1488 gigni?
1496 1460 1541 1464 -

331 1496 388 1534 Ad
421 1507 490 1534 sua
522 1495 665 1533 Natalis
698 1500 873 1545 tempora
905 1500 1038 1533 noster
1070 1495 1200 1533 adest.

332 1553 436 1592 Dure
456 1585 466 1605 7
499 1553 591 1603 quid
623 1553 669 1591 ad
702 1554 865 1591 miseros
898 1552 1079 1591 veniebas
1112 1552 1236 1591 exulis
1268 1551 1425 1592 annos?

332 1611 531 1649 Debueras
563 1611 638 1648 illis
670 1612 889 1661 inposuisse
922 1611 1103 1649 modum.

292 1678 312 1708 5
335 1669 375 1708 Si
407 1669 477 1708 tibi
510 1681 602 1708 cura
634 1670 739 1720 mei,
771 1669 830 1707 vel
863 1670 896 1707 si
926 1669 1052 1719 pudor
1084 1668 1188 1707 ullus
1220 1670 1388 1721 inesset,

333 1727 418 1765 Non
450 1727 551 1766 ultra
582 1729 745 1778 patriam
777 1739 838 1765 me
871 1739 1081 1778 sequerere
1113 1739 1261 1778 meam,

335 1785 498 1836 Quoque
531 1785 614 1823 loco
647 1787 817 1835 primum
843 1784 915 1823 tibi
947 1797 1032 1823 sum
1058 1785 1156 1823 male
1188 1787 1366 1835 cognitus
1398 1786 1546 1838 infans,

335 1843 401 1881 Illo
434 1849 664 1894 temptasses
695 1844 856 1881 ultimus
889 1856 974 1882 esse
1008 1843 1128 1895 mihi,

334 1901 455 1952 Inque
488 1901 743 1952 relinquendo
764 1932 774 1952 ‚
807 1901 909 1952 quod
942 1902 1044 1939 idem
1076 1902 1204 1940 secere
1237 1901 1413 1953 sodales,

271 1968 313 1999 10
334 1959 392 1998 Tu
426 1971 580 2010 quoque
613 1959 778 1997 dixisses
810 1961 934 1998 tristis
967 1961 1006 1998 in
1037 1959 1141 1998 Urbe
1174 1959 1278 1998 vale.

337 2018 437 2063 Quid
470 2017 541 2056 tibi
573 2029 662 2056 cum
692 2017 815 2055 Ponto
835 2015 856 2056 ἰ)
901 2030 995 2056 num
1027 2023 1063 2056 te
1098 2030 1252 2068 quoque
1286 2017 1460 2056 Caesaris
1492 2019 1547 2056 ira

335 2076 556 2114 Extremam
588 2075 707 2126 gelidi
737 2077 843 2114 misit
874 2077 914 2114 in
946 2075 1052 2114 orbis
1084 2073 1281 2114 humum?

337 2134 495 2172 Scilicet
527 2139 706 2184 expectas
739 2133 895 2172 solitum
926 2133 998 2172 tibi
1029 2135 1149 2172 moris
1180 2134 1388 2186 honorem,

335 2191 507 2230 Pendeat
538 2204 585 2230 ex
616 2193 762 2230 umeris
794 2193 914 2230 vestis
946 2197 990 2230 ut
1022 2192 1105 2230 alba
1138 2193 1258 2244 meis,

274 2258 315 2289 15
336 2249 498 2288 Fumida
531 2251 709 2300 cingatur
740 2249 969 2288 florentibus
1005 2262 1070 2288 ara
1102 2253 1282 2294 coronis,
