1575 2489
161 63 244 104 316
698 65 950 98 FAsToRUM

194 181 258 212 160
337 172 378 211 In
411 173 609 211 matutinis
642 172 814 223 lampada
846 173 954 212 tollet
985 175 1118 226 equis,

277 231 458 280 Frigidus
489 235 661 280 argestes
693 242 861 269 summas
894 231 1078 270 mulcebit
1109 233 1268 283 aristas,

337 288 582 338 Candidaque
615 300 635 326 a
667 287 837 327 Calabris
869 289 951 327 vela
983 289 1176 328 dabuntur
1208 292 1339 340 aquis.

278 347 327 384 At
358 346 471 384 simul
503 346 689 384 inducent
720 346 886 384 obscura
919 348 1146 398 crepuscula
1179 355 1355 399 noctem,

335 404 430 442 Pars
461 403 635 454 Hyadum
669 410 749 443 toto
782 405 827 442 de
860 417 976 455 grege
1009 405 1111 444 nulla
1142 405 1255 444 latet.

193 471 257 500 165
280 462 354 501 Ora
386 463 530 500 micant
560 461 678 500 Tauri
711 468 858 513 septem
891 463 1074 501 radiantia
1106 464 1290 514 flammis,

337 520 470 558 Navita
502 532 597 570 quas
630 519 777 570 Hyadas
810 520 946 559 Graius
979 521 1025 559 ab
1056 521 1180 560 imbre
1212 527 1343 560 vocat.

278 578 372 616 Pars
404 578 598 616 Bacchum
630 580 800 616 nutrisse
833 584 970 629 putat3
1002 591 1090 629 pars
1123 579 1286 618 credidit
1318 592 1403 618 esse

337 636 505 686 Tethyos
537 636 605 674 has
637 642 774 686 neptes
807 636 1028 687 Oceanique
1059 639 1188 676 senis.

279 693 458 732 Nondum
490 693 615 732 stabat
645 694 749 732 Atlas
782 707 938 733 umeros
971 702 1153 733 oneratus
1185 695 1368 747 Olymp0,

196 761 259 791 170
339 752 434 790 Cum
467 758 572 790 satus
605 758 665 790 est
696 753 818 791 forma
850 753 1148 804 conspiciendus
1179 753 1302 804 Hyas,

279 810 391 849 Hunc
424 812 541 861 stirps
574 810 717 848 Oceani
749 812 910 850 maturis
943 810 1097 849 nixibus
1129 811 1270 849 Aethra

338 867 497 919 Edidit,
531 874 569 906 et
599 869 815 921 nymphas3
849 869 915 907 sed
948 870 1056 919 prior
1088 875 1197 907 ortus
1228 868 1352 920 Hyas.

280 927 378 965 Dum
410 938 506 965 nova
538 926 677 977 lanugo
709 934 796 977 est,
828 927 985 977 pavidos
1018 927 1222 965 formidine
1254 940 1390 965 cervos

338 984 506 1036 Terret,
538 990 577 1023 et
608 991 667 1023 est
697 985 751 1023 illi
783 985 924 1035 praeda
958 984 1121 1035 benigna
1152 985 1284 1036 lepus.

196 1050 259 1081 175
281 1044 329 1081 At
361 1048 565 1092 postquam
596 1044 719 1081 virtus
752 1044 862 1080 annis
895 1043 1088 1093 adolevit,
1119 1045 1158 1081 in
1190 1055 1304 1093 apros

339 1099 465 1138 Audet
497 1106 535 1138 et
566 1100 736 1138 hirsutas
769 1102 984 1138 comminus
1016 1102 1072 1138 ire
1105 1101 1228 1139 seras.

280 1158 455 1208 Dumque
489 1159 587 1208 petit
617 1158 783 1196 latebras
816 1159 915 1196 fetae
949 1158 1173 1208 catulosque
1205 1158 1382 1210 leaenae,

339 1216 424 1266 lpse
459 1216 531 1254 suit
561 1215 726 1266 Libycae
758 1217 898 1267 praeda
931 1222 1092 1254 cruenta
1124 1217 1251 1255 ferae.

282 1274 403 1312 Mater
436 1274 544 1325 Hyan
576 1279 615 1313 et
646 1274 754 1325 Hyan
785 1280 953 1313 maestae
985 1275 1126 1312 flevere
1159 1287 1314 1313 sorores

196 1342 259 1371 131)
340 1332 616 1382 Cervicemque
648 1332 736 1383 polo
769 1334 1043 1383 suppositurus
1074 1333 1200 1371 Atlas.

282 1390 413 1429 Victus
446 1396 612 1441 uterque
644 1403 785 1440 parens
818 1397 944 1429 tamen
978 1397 1037 1429 est
1068 1392 1210 1441 pietate
1243 1403 1445 1432 sororum:

338 1448 404 1486 Illa
437 1448 542 1487 dedit
575 1448 751 1500 caelum,
783 1451 938 1487 nomina
970 1449 1061 1487 fecit
1092 1448 1214 1499 Hyas.

281 1503 452 1557 ‘Mater‚
485 1506 575 1545 ades
594 1507 775 1558 ,norum
795 1538 805 1558 ,
837 1507 937 1545 ludis
970 1506 1197 1545 celebranda
1231 1506 1393 1545 iocosis!

339 1564 571 1603 Distuleram
603 1570 733 1615 partes
765 1577 898 1603 mense
930 1566 1059 1615 priore
1092 1570 1200 1603 tuas.

197 1631 260 1662 185
281 1622 424 1673 Incipis
456 1622 607 1674 Aprili,
639 1624 780 1661 transis
812 1624 852 1661 in
885 1629 1058 1673 tempora
1089 1623 1186 1661 Mai:

339 1681 445 1718 Alter
478 1687 515 1719 te
549 1682 730 1733 fugiens,
763 1693 850 1719 cum
884 1683 1016 1732 venit,
1049 1680 1144 1719 alter
1176 1680 1314 1720 habet.

282 1738 377 1777 Cum
410 1745 474 1777 tua
507 1740 584 1777 siut
617 1739 831 1789 cedantque
865 1739 935 1777 tibi
967 1739 1131 1777 confinia
1165 1751 1364 1791 mensum,

341 1796 528 1834 Convenit
559 1798 599 1835 in
631 1797 764 1835 laudes
796 1796 858 1835 ille
890 1796 949 1835 vel
980 1797 1043 1835 ille
1075 1803 1183 1835 tuas.

281 1855 416 1893 Circus
449 1857 488 1893 in
521 1854 625 1893 hunc
658 1856 736 1893 exit
767 1855 1005 1905 clamataque
1038 1855 1161 1905 palma
1194 1855 1378 1894 theatris:

196 1922 259 1951 190
340 1912 420 1951 Hoc
454 1925 608 1964 quoque
642 1925 730 1952 cum
763 1913 864 1952 Circi
896 1925 1057 1952 munere
1090 1925 1244 1951 carmen
1278 1919 1359 1951 eat.

281 1971 365 2022 Ipsa
398 1971 521 2023 doce,
555 1983 652 2022 quae
685 1973 737 2010 sis
758 2003 766 2011 .
822 1971 1022 2010 hominum
1054 1973 1246 2010 sententia
1278 1971 1413 2011 fallax:

341 2029 494 2079 Optima
526 2035 567 2068 tu
599 2031 748 2081 proprii
779 2031 946 2068 nominis
978 2035 1112 2068 auctor
1145 2025 1265 2067 eris.'

285 2087 347 2126 Sic
381 2100 480 2138 ego.
538 2089 593 2126 sic
625 2090 769 2127 nostris
801 2087 1002 2138 respondit
1034 2087 1118 2125 diva
1149 2089 1315 2138 rogatis:

340 2146 437 2183 Dum
470 2146 670 2198 loquitur,
703 2158 841 2185 vernas
874 2146 977 2184 efflat
1009 2145 1054 2183 ab
1088 2157 1153 2183 ore
1186 2157 1312 2183 rosas.

197 2213 259 2243 195
282 2200 454 2242 ‘Chloris
487 2216 620 2255 eram,
659 2216 756 2254 quae
789 2204 901 2242 Flora
939 2215 1054 2242 vocor
1075 2234 1083 2242 .
1140 2209 1322 2254 corrupta
1354 2203 1488 2242 Latino

340 2261 516 2300 Nominis
549 2268 608 2300 est
639 2264 764 2301 nostri
795 2262 923 2301 littera
955 2261 1100 2300 Graeca
1133 2274 1250 2300 sono.
