1575 2489
580 71 646 104 111.
672 79 704 104 11
724 72 871 105 12-84.
1317 69 1397 110 171

243 179 472 218 Consortem
504 178 651 217 Phoebi
683 191 778 230 gens
811 179 903 218 colit
934 179 997 218 illa
1030 179 1162 218 deam.

184 236 344 288 Templa
375 243 533 275 manent
564 237 678 275 hodie
712 239 829 276 vastis
861 239 991 276 innixa
1024 238 1238 290 columniS,

120 302 165 333 50
242 295 396 346 Perque
430 300 568 345 quater
599 295 719 333 denos
752 297 831 334 itur
862 297 902 334 in
923 291 997 335 'illa
1031 296 1197 347 gradus.

183 352 300 391 Fama
331 353 455 391 refert
485 353 563 392 illic
596 355 750 404 signum
782 354 948 393 caeleste
981 355 1126 393 fuisse:

242 410 406 462 Quoque
438 413 566 450 minus
599 411 752 450 dubites
771 443 782 463 ,
814 418 890 450 stat
921 412 1024 451 basis
1057 412 1150 451 orba
1183 412 1279 451 dea:

182 469 335 519 Araque
354 501 364 520 ‚
398 482 496 520 quae
528 470 656 508 fuerat
687 475 826 508 natura
857 471 1019 509 candida
1052 472 1156 518 saxi,

240 527 405 565 Decolor
437 528 572 566 adfuso
605 530 726 567 tincta
757 541 898 567 cruore
929 528 1069 568 rubet.

122 592 166 623 55
186 585 344 624 Femina
377 598 486 625 sacra
518 587 609 625 facit
640 586 774 625 taedae
807 599 886 626 non
918 593 1009 626 nota
1040 587 1182 639 iugali,

241 643 348 688 Quae
379 650 539 695 superat
571 644 771 695 Scythicas
804 645 1005 684 nobilitate
1038 657 1186 684 nurus.

185 701 360 741 Sacrifici
391 715 515 753 genus
547 708 636 754 est,
667 704 723 742 sic
755 704 961 742 instituere
991 705 1168 754 priores,

242 761 398 799 Advena
429 762 603 811 virgineo
636 773 772 799 caesus
805 766 849 799 ut
881 773 973 799 ense
1006 761 1139 799 cadat.

181 818 314 869 Regna
346 819 500 857 Thoans
532 819 668 857 habuit
698 819 888 857 Maeotide
921 819 1048 858 clarus
1080 821 1119 857 in
1152 831 1244 871 ora,

120 884 164 915 60
242 877 322 915 Nec
355 878 427 916 suit
458 876 620 915 Euxinis
653 878 782 915 notior
813 876 910 915 alter
942 879 1076 928 aquis.

183 934 347 985 Sceptra
378 941 534 974 tenente
566 934 631 973 illo
663 934 829 985 liquidas
861 936 1001 973 fecisse
1033 947 1104 986 per
1136 947 1249 973 auras

241 992 380 1032 Nescio
415 1005 530 1044 quam
563 993 697 1031 dicunt
729 992 954 1043 Iphigenian
987 995 1086 1045 iter,

183 1051 306 1097 Quam
338 1051 487 1090 levibus
520 1053 644 1090 ventis
677 1051 750 1090 suh
783 1051 886 1090 nube
918 1064 989 1102 per
1022 1056 1109 1090 aera
1143 1057 1291 1090 vectam

241 1109 423 1148 Creditur
455 1109 515 1148 his
547 1109 702 1148 Phoebe
735 1109 963 1161 deposuisse
995 1110 1092 1148 locis
1112 1142 1120 1149 .

118 1175 161 1207 65
180 1168 408 1207 Praesuerat
438 1167 582 1218 templo
614 1167 757 1206 multos
790 1180 834 1206 ea
865 1169 939 1206 rite
971 1180 1041 1219 per
1074 1180 1218 1221 annos,
1337 1177 1394 1209 (82)

240 1226 362 1265 Invita
393 1238 584 1276 peragens
616 1227 743 1264 tristia
775 1238 884 1264 sacra
916 1238 1056 1265 manu:

182 1285 280 1324 Cum
311 1284 388 1323 duo
420 1284 578 1322 velifera
609 1285 769 1323 iuvenes
801 1296 943 1323 venere
977 1287 1132 1337 carina,

240 1343 553 1394 Presseruntque
586 1355 657 1381 suo
689 1342 803 1381 litora
834 1349 967 1381 nostra
998 1343 1097 1393 pede
1116 1373 1126 1382 .

182 1401 256 1440 Par
287 1402 361 1440 suit
392 1401 451 1438 his
484 1407 588 1439 aetas
620 1406 659 1439 et
689 1413 826 1452 amor,
859 1413 1026 1452 quorum
1059 1402 1156 1440 alter
1188 1401 1371 1454 Orestes,

119 1468 162 1499 70
240 1460 311 1498 Ast
340 1459 502 1510 Pylades
535 1459 660 1497 alter.
717 1461 872 1497 nomina
905 1460 1003 1497 fama
1036 1466 1166 1498 tenet.

180 1519 365 1557 Protinus
396 1518 572 1556 inmitem
604 1517 756 1555 Triviae
789 1518 988 1556 ducuntur
1019 1518 1066 1556 ad
1097 1530 1223 1570 aram,

239 1575 392 1614 Evincti
423 1577 595 1627 geminas
627 1575 674 1613 ad
706 1587 776 1614 sua
807 1581 917 1626 terga
949 1588 1107 1615 manus.

182 1634 336 1685 Spargit
368 1646 466 1685 aqua
498 1640 631 1685 captos
663 1633 814 1673 lustrali
846 1633 959 1673 Graia
991 1634 1197 1687 sacerdos,

238 1692 391 1731 Ambiat
422 1698 466 1730 ut
497 1692 619 1731 fulvas
650 1692 771 1730 infula
803 1692 916 1743 longa
948 1705 1100 1732 comas.

118 1759 161 1790 75
182 1751 360 1801 Dumque
391 1756 502 1801 parat
534 1762 686 1789 sacrum
705 1781 716 1802 ‚
749 1751 842 1789 dum
874 1751 973 1790 velat
1004 1757 1180 1802 tempora
1212 1752 1340 1803 vittis,

238 1809 336 1848 Dum
369 1808 500 1848 tardae
533 1821 668 1847 causas
699 1810 847 1848 invenit
877 1811 959 1860 ipsa
992 1822 1146 1858 morae,

182 1865 303 1906 “Non
335 1879 406 1918 ego
438 1867 608 1906 crudelis
627 1899 637 1918 ‚
669 1868 859 1907 iuvenes:
890 1869 1080 1918 ignoscite
1101 1864 1148 1907 2⁹²
1180 1867 1277 1907 dixit

239 1923 397 1964 “Sacra
430 1938 500 1964 suo
532 1926 630 1964 facio
662 1925 886 1964 barbariora
918 1926 1022 1965 loco.

179 1984 290 2023 Ritus
321 1985 355 2022 is
388 1989 447 2023 est
478 1985 632 2035 gentiS.
689 1996 765 2034 qua
796 1995 864 2022 vos
896 1989 1025 2022 tamen
1057 1984 1154 2022 urbe
1188 1983 1364 2024 venitis?

115 2050 159 2082 80
237 2042 395 2088 Quodve
426 2054 564 2094 parum
597 2043 722 2081 fausta
754 2054 884 2093 puppe
915 2043 1067 2093 petistis
1098 2040 1244 2082 iter?''

178 2101 309 2140 Dixit:
354 2107 392 2140 et
423 2101 554 2140 audito
585 2102 732 2152 patriae
764 2102 827 2152 pia
858 2102 1015 2139 nornine
1047 2102 1154 2152 virgo

238 2159 447 2198 Consortes
480 2159 589 2198 urbis
622 2161 813 2210 comperit
845 2171 930 2197 esse
963 2171 1080 2198 suae.

178 2214 413 2256 “Alteruter
444 2214 627 2256 nostris”
660 2219 787 2269 inquit
820 2214 968 2256 “eadat
1000 2217 1127 2256 hostia
1159 2220 1303 2257 sacris:

235 2276 291 2314 Ad
322 2277 466 2327 patrias
499 2276 611 2315 sedes
643 2277 804 2315 nuntius
837 2275 934 2314 alter
967 2281 1027 2314 eat
1042 2272 1082 2314 .''
