1601 2484
163 63 217 104 10
407 63 410 66 ’
714 66 937 98 TaisTIUM

277 172 327 211 Et
358 172 503 211 feriunt
534 178 702 211 maestae
733 178 892 223 pectora
927 173 1030 212 nuda
1061 185 1221 212 manus.

278 230 378 268 Tum
410 242 502 268 vero
535 232 733 282 coniunx,
765 232 911 269 umeris
943 231 1122 270 abeuntis
1154 232 1390 284 inhaerens,

214 296 258 326 80
278 288 433 326 Miscuit
464 288 558 326 haec
590 287 760 326 lacrimis
791 290 917 327 tristia
949 289 1064 327 verba
1097 291 1216 327 meis:

279 343 379 383 ‘Non
404 352 515 396 potes
542 345 652 384 avelli
673 376 680 383 .
732 346 847 385 simul
871 346 990 398 hinc,
1017 347 1133 385 simul
1159 344 1316 385 ibimus’
1343 348 1491 398 inquit:

279 401 347 441 ‘Te
381 415 521 453 sequar
553 409 592 442 et
624 405 792 442 coniunx
824 405 947 443 exulis
980 405 1069 443 exul
1101 417 1196 443 ero.

278 460 327 499 Et
358 461 452 499 mihi
484 462 582 500 sacta
614 463 672 500 via
705 467 793 513 est,
837 468 876 501 et
907 475 967 501 me
1000 465 1102 514 capit
1133 463 1267 501 ultima
1299 463 1437 504 tellus:

278 519 468 557 Accedam
501 521 687 570 profugae
720 521 871 558 sarcina
902 533 1017 572 parva
1049 523 1145 559 rati.

214 584 257 615 85
278 577 331 615 Te
363 577 473 616 iubet
504 589 524 616 a
554 579 678 629 patria
710 578 910 617 discedere
945 579 1120 617 Caesaris
1152 581 1232 630 ira,

277 635 337 673 Me
369 637 520 686 pietas.
570 638 694 687 pietas
725 637 819 675 haec
852 637 945 674 mihi
977 637 1116 675 Caesar
1148 639 1223 676 erit
1238 634 1262 676 ‚²

278 693 383 731 Talia
416 694 656 745 temptabat,
688 696 790 733 sicut
823 700 1078 745 temptaverat
1110 701 1221 746 ante,

278 750 424 802 Vixque
458 752 564 790 dedit
595 754 714 791 victas
747 753 911 791 utilitate
945 765 1104 791 manus.

277 809 495 860 Egredior‚
528 812 607 849 sive
640 811 732 849 illud
767 817 849 849 erat
881 813 963 849 sine
997 812 1133 849 funere
1167 811 1284 863 ferri,

215 875 259 905 90
281 867 488 917 Squalidus
520 870 691 907 inmissis
724 869 825 907 hirta
857 881 927 920 per
959 881 1025 907 ora
1058 870 1198 907 comis.

277 925 344 963 Illa
375 925 509 964 dolore
542 939 672 965 amens
706 927 878 965 tenebris
912 933 1093 965 narratur
1125 927 1273 965 obortis

279 982 522 1023 Semianimis
555 985 680 1023 media
712 985 968 1036 procubuisse
1001 986 1133 1037 domo,

278 1041 406 1092 thue
438 1045 656 1082 resurrexit
687 1043 850 1082 foedatis
882 1043 1042 1094 pulvere
1074 1045 1180 1094 turpi

277 1099 459 1139 Crinibus
492 1106 530 1139 et
561 1101 685 1151 gelida
718 1101 891 1140 membra
917 1102 1056 1140 levavit
1086 1102 1228 1152 humo,

213 1165 256 1196 95
279 1157 328 1196 Se
361 1158 474 1196 modo
494 1189 505 1210 ‚
541 1160 717 1197 desertos
750 1159 863 1197 modo
896 1160 1157 1210 complorasse
1188 1165 1371 1211 penates,

275 1215 425 1254 Nomen
457 1223 496 1255 et
527 1219 651 1268 erepti
684 1229 797 1268 saepe
830 1230 987 1256 vocasse
1020 1219 1115 1268 viri,

275 1273 355 1312 Nec
387 1277 581 1324 gemuisse
614 1277 771 1327 minus,
805 1288 919 1326 quam
951 1277 983 1314 si
1015 1281 1204 1326 nataeque
1237 1288 1445 1326 meumque

277 1331 445 1371 Vidisset
476 1339 646 1372 structos
680 1346 824 1385 corpus
856 1334 998 1372 habere
1031 1346 1168 1385 rogos,

276 1390 325 1429 Et
356 1390 524 1430 voluisse
557 1393 686 1443 mori,
717 1392 918 1430 moriendo
950 1404 1096 1442 ponere
1129 1404 1290 1443 sensus,

190 1456 254 1487 100
276 1448 550 1500 Respectuque
583 1457 712 1488 tamen
744 1462 822 1488 non
853 1451 1016 1501 periisse
1050 1452 1150 1488 mei.

276 1506 411 1545 Vivat!
444 1513 483 1546 et
507 1507 706 1546 absentem
734 1529 790 1535 —
822 1510 1004 1558 quoniam
1037 1510 1091 1545 sic
1125 1508 1200 1546 sata
1232 1508 1407 1547 tulerunt
1433 1531 1488 1536 --

277 1564 383 1603 Vivat
415 1571 458 1604 ut
478 1596 487 1614 ‚
520 1566 659 1604 auxilio
693 1566 869 1604 sublevet
900 1578 1025 1617 usque
1059 1578 1149 1604 suo,

782 1694 862 1740 IV.

275 1798 484 1849 Tinguitur
515 1810 660 1837 oceano
694 1804 825 1837 custos
858 1799 1158 1850 Erymanthidos
1190 1812 1328 1851 ursae,

275 1857 576 1907 Aequoreasque
609 1869 679 1895 suo
713 1857 840 1895 sidere
873 1857 1005 1896 turbat
1036 1870 1176 1908 aquas.

275 1914 353 1952 Nos
385 1921 515 1953 tamen
547 1914 698 1953 lonium
730 1927 807 1953 non
840 1921 972 1954 nostra
1005 1916 1187 1955 findimus
1219 1928 1364 1967 aequor

276 1972 451 2024 Sponte,
484 1973 552 2012 sed
584 1973 749 2012 audaces
782 1976 957 2024 cogimur
989 1987 1074 2013 esse
1107 1980 1235 2013 metu.

235 2040 254 2069 5
274 2030 334 2069 Me
367 2031 582 2070 miserum!
615 2033 769 2082 quantis
801 2034 1028 2071 increscunt
1059 2045 1227 2084 aequora
1260 2034 1407 2084 ventis,

275 2089 473 2140 Erutaque
507 2103 553 2129 ex
585 2092 672 2128 imis
704 2090 827 2129 fervet
858 2091 1001 2129 harena
1034 2090 1168 2129 fretis!

274 2147 405 2186 Monte
437 2160 509 2187 nec
542 2150 703 2187 inferior
735 2161 872 2199 prorae
904 2151 1102 2200 puppique
1134 2162 1320 2188 recurvae

274 2206 399 2244 Insilit
431 2212 469 2245 et
500 2209 625 2258 pictos
658 2207 837 2246 verberat
868 2207 969 2246 unda
1002 2207 1119 2247 deos.

275 2264 394 2303 Pinea
426 2270 530 2304 texta
562 2271 701 2304 sonant
731 2265 875 2317 pulsu,
908 2266 1075 2304 stridore
1108 2266 1318 2317 rudentes,
