1575 2489
213 88 294 129 13ss
752 87 815 119 EX
839 86 995 119 PONTo

822 216 925 263 VH.

326 311 470 349 Littera
504 322 574 361 pro
608 308 737 348 verbis
768 308 867 360 tibi,
899 307 1131 360 Messaline,
1165 307 1328 346 salutem

386 368 508 412 Quam
540 368 636 417 legis
654 397 665 419 ,
698 379 718 405 a
751 368 873 405 saevis
905 366 1033 405 attulit
1063 378 1187 417 usque
1221 365 1350 404 Getis.

325 426 474 464 Indicat
506 431 706 464 auctorem
738 425 847 463 locus
867 422 887 462 P
934 437 981 463 an
1000 455 1011 476 ‚
1042 425 1118 462 nisi
1150 425 1304 462 nomine
1338 423 1462 475 leem,

384 483 487 522 Haec
520 495 580 522 me
612 483 805 521 Nasonem
838 482 1010 521 scribere
1041 481 1156 520 verba
1189 479 1314 520 latet?

287 550 306 580 5
326 541 471 592 Ecquis
502 543 541 580 in
575 546 747 580 extremo
779 542 930 591 positus
961 542 1061 578 iacet
1093 539 1184 578 orbe
1218 545 1398 590 tuorum,

385 600 445 638 Me
478 605 607 638 tamen
639 604 801 649 excepto
820 629 831 651 ‚
864 600 931 648 qui
961 610 1100 649 precor
1133 610 1218 636 esse
1250 595 1376 636 tuus?

327 658 372 696 Di
404 657 540 707 procul
573 669 593 695 a
626 658 806 708 eunctis,
839 657 906 706 qui
938 661 975 694 te
1007 662 1242 694 venerantur
1275 660 1506 707 amantque7

386 715 511 754 Huius
544 716 721 753 notitiam
753 716 880 765 gentis
911 713 1055 752 habere
1087 713 1227 752 velint.

327 773 406 812 Nos
440 775 532 812 satis
565 780 622 812 est
655 775 757 811 inter
789 772 951 823 glaciem
984 771 1262 823 Scythicasque
1296 773 1452 822 sagittas

265 840 307 871 10
385 831 550 870 Vivere:
595 832 628 869 si
658 833 734 869 vita
766 836 825 869 est
856 831 991 868 mortis
1023 829 1198 868 habenda
1229 841 1375 880 genus.

326 890 405 929 Nos
437 895 589 940 premat
621 895 687 928 aut
718 888 818 927 bello
851 888 993 939 tellus,
1027 894 1093 926 aut
1124 889 1268 938 frigore
1302 887 1471 938 caelum,

386 948 571 998 Truxque
604 947 719 986 Getes
752 948 897 997 armis,
930 946 1115 996 grandIne
1148 951 1294 997 pungat
1326 946 1473 984 hiems:

328 1006 406 1045 Nos
438 1005 578 1044 habeat
609 1007 715 1055 regio
748 1017 820 1043 nec
852 1016 965 1055 pomo
998 1004 1074 1043 feta
1106 1016 1177 1042 nec
1210 1006 1318 1052 uvis,

388 1063 436 1102 Et
468 1065 579 1102 cuius
611 1063 760 1101 nulium
793 1068 920 1101 cesset
951 1062 996 1100 ab
1029 1062 1139 1100 hoste
1172 1062 1295 1101 latus.

266 1131 307 1160 15
331 1122 467 1160 Cetera
500 1123 549 1159 sit
582 1133 716 1172 sospes
749 1120 943 1159 cultorum
975 1119 1089 1158 turba
1121 1126 1301 1171 tuorum,

387 1179 429 1217 ln
463 1178 633 1230 quibus,
668 1184 709 1217 ut
740 1177 912 1229 populo,
945 1189 1034 1228 pars
1068 1189 1136 1227 ego
1169 1189 1284 1228 parva
1317 1177 1394 1216 fui.

328 1237 388 1276 Me
421 1238 636 1288 miserum,
670 1237 703 1274 si
735 1242 776 1275 tu
809 1235 938 1274 verbis
971 1235 1178 1274 offenderis
1210 1237 1317 1287 istiS‚

387 1295 544 1346 Nosque
577 1306 693 1345 negas
725 1294 801 1333 ulla
832 1300 941 1345 parte
974 1294 1093 1332 fuisse
1125 1292 1236 1332 tuos!

331 1353 469 1404 [quue
502 1354 553 1391 sit
585 1359 627 1391 ut
657 1364 791 1391 verum
811 1383 821 1403 ‚
854 1353 1015 1390 mentito
1047 1353 1250 1402 ignoscere
1283 1351 1426 1390 debes.

265 1420 308 1450 ‘20
389 1411 449 1449 Nil
483 1411 602 1449 demit
633 1410 736 1449 laudi
768 1410 889 1460 gloria
920 1415 1052 1448 nostra
1084 1416 1195 1448 tuae.

329 1468 424 1514 Quis
458 1481 497 1508 se
532 1468 762 1507 Caesaribus
793 1474 909 1507 notus
941 1480 1017 1506 non
1050 1468 1161 1517 fingit
1192 1465 1392 1506 amicum?

389 1527 442 1565 Da
476 1528 623 1565 veniam
657 1527 756 1564 fasso
777 1557 788 1576 ,
819 1532 861 1564 tu
894 1525 987 1563 mihi
1020 1525 1159 1564 Caesar
1192 1538 1277 1564 eras
1293 1525 1319 1575 .]

330 1585 410 1624 Nec
444 1590 571 1623 tamen
603 1586 814 1635 inrumpo,
847 1595 922 1634 quo
955 1595 1032 1622 non
1064 1583 1154 1622 licet
1186 1585 1272 1622 ire:
1315 1585 1483 1635 satisque

1056 1647 1137 1692 est,
1486 1650 1544 1682 (25)

388 1701 494 1740 Atria
527 1702 559 1739 si
591 1699 702 1739 nobis
735 1712 812 1738 non
844 1701 1015 1750 patuisse
1048 1712 1187 1750 negas.

267 1768 310 1799 25
332 1759 458 1809 thue
492 1758 562 1797 tibi
595 1759 712 1796 suerit
744 1770 896 1796 mecum
930 1757 1026 1796 nihil
1058 1757 1249 1808 amplius,
1282 1770 1359 1796 uno

389 1816 536 1868 Nempe
569 1816 777 1868 salutaris,
810 1828 924 1867 quain
957 1818 1095 1867 prius,
1129 1828 1194 1854 ore
1227 1817 1379 1868 minus,

331 1875 410 1914 Nec
442 1882 533 1913 tuus
566 1880 625 1913 est
656 1876 808 1925 genitor
840 1886 910 1912 nos
941 1875 1128 1912 infitiatus
1160 1875 1328 1926 amicos,

390 1932 573 1972 Hortator
605 1933 723 1971 studii
755 1944 947 1982 causaque
981 1933 1120 1983 faxque
1152 1934 1251 1970 mei:

332 1991 403 2031 Cui
435 2003 505 2030 nos
539 1996 576 2029 et
607 1991 812 2042 lacrimas,
845 2002 1071 2041 supremum
1103 1992 1143 2028 in
1176 1991 1312 2028 funere
1344 2002 1485 2029 munus
1504 2021 1515 2040 ⁷

268 2059 312 2089 30
391 2049 439 2088 Et
473 2049 649 2088 dedimus
681 2049 806 2087 medio
840 2050 984 2099 scripta
1017 2048 1189 2087 canenda
1220 2049 1324 2087 foro.

331 2107 438 2146 Adde
472 2107 575 2158 quod
608 2113 667 2146 est
698 2107 817 2145 frater
836 2138 846 2158 ‚
878 2112 983 2145 tanto
1016 2106 1087 2145 tibi
1119 2108 1275 2145 iunctus
1308 2118 1461 2157 amore,

393 2167 568 2211 Quantus
601 2167 640 2204 in
672 2164 816 2204 Atridis
848 2164 1158 2216 Tyndaridisque
1190 2164 1286 2203 fuit:

332 2224 368 2262 Is
401 2235 461 2262 ine
494 2236 565 2262 nec
599 2225 778 2262 comitem
810 2234 881 2261 nec
914 2223 1143 2273 dedignatus
1176 2224 1342 2261 amicum
1374 2227 1456 2260 est:

392 2281 433 2320 Si
465 2287 593 2321 tamen
624 2282 719 2320 haec
751 2280 806 2319 illi
837 2293 914 2319 non
946 2283 1124 2320 nocitura
1155 2287 1292 2332 putas,
