1575 2489
476 72 522 104 II.
548 80 580 104 11
603 75 765 105 111—-111
786 74 839 105 50.
1241 72 1323 114 149

50 190 90 220 15
114 180 210 231 [Nec
236 181 311 219 nisi
332 178 435 230 quod
461 179 641 231 prodest,
668 192 800 219 carum
828 186 906 232 est,
933 186 992 232 et,
1018 180 1178 220 detrahe
1204 183 1324 220 menti

172 238 286 289 Spem
319 238 471 276 fructus
503 238 634 276 avidae
654 270 664 289 ,
695 251 809 277 nemo
841 239 1034 290 petendus
1067 239 1181 289 erit.]

110 299 158 336 At
183 297 333 335 reditus
358 297 432 334 iam
455 297 620 347 quisque
648 308 739 335 suos
766 304 889 348 amat,
917 302 955 335 et
982 297 1054 336 sihi
1081 298 1174 349 quid
1201 299 1251 337 sit
1268 306 1323 340 (45)

171 354 269 394 Utile
288 385 299 405 ,
331 354 506 393 sollicitis
539 361 724 405 supputat
756 356 953 395 articuliS.

111 413 208 452 Illud
238 413 428 452 amicitiae
461 413 655 463 quondam
688 414 906 453 venerabile
939 426 1084 453 numen

47 480 90 511 20
168 471 322 510 Prostat
354 477 392 510 et
423 472 462 509 in
496 478 660 522 quaestu
693 484 764 523 pro
797 475 1004 511 meretrice
1038 473 1170 512 sedet.

111 530 195 575 Quo
228 531 349 580 magis
381 530 552 568 admiror
571 560 582 581 ,
613 542 690 568 non
709 561 720 582 ‚
753 536 796 569 ut
827 530 1070 570 torrentibus
1104 532 1241 584 undis,

168 587 393 627 Communis
425 589 507 626 vitii
540 594 577 626 te
611 600 766 639 quoque
798 588 883 628 labe
915 589 1016 627 trahi
1035 621 1043 628 .

109 646 288 696 Diligitur
320 658 434 684 nemo
454 678 464 698 ,
497 648 572 684 nisi
603 648 667 686 cui
699 647 855 686 fortuna
887 648 1057 686 secunda
1089 655 1172 688 est:

169 704 274 750 Quae
308 704 422 743 simul
454 706 653 756 intonuit,
685 707 859 755 proxima
893 718 1068 757 quaeque
1102 707 1230 756 sugat.

46 770 88 802 25
111 763 168 801 En
201 775 271 813 ego
291 794 301 814 ,
334 775 412 801 non
444 765 578 814 paucis
611 763 804 814 quondam
837 766 1011 802 munitus
1044 765 1199 817 amicis,

167 821 266 860 Dum
299 821 404 859 flavit
434 821 529 859 velis
560 833 653 860 aura
686 822 856 860 secunda
888 823 1008 873 meis,

110 879 158 918 Ut
190 879 270 918 sera
302 879 480 918 nimboso
513 884 742 918 tumuerunt
774 891 941 930 aequora
974 886 1113 932 vento,

167 937 210 976 ln
242 937 379 976 mediis
411 938 536 976 lacera
569 949 666 976 nave
697 937 900 989 relinquor
932 940 1066 989 aquis.

110 996 285 1046 Cumque
318 996 380 1034 alii
413 996 537 1034 nolint
568 998 683 1034 etiam
716 1008 777 1035 me
810 1008 925 1035 nosse
958 997 1104 1049 videri,

45 1062 88 1093 30
166 1053 235 1092 Vix
268 1054 343 1092 duo
375 1056 550 1104 proiecto
582 1060 711 1093 tresve
743 1054 889 1093 tulistis
921 1067 1056 1106 opem.

110 1112 285 1158 Quorum
318 1120 359 1151 tu
385 1114 597 1164 princeps.
654 1125 780 1164 neque
815 1115 918 1152 enim
951 1126 1081 1152 comes
1109 1126 1223 1166 esse,
1258 1115 1324 1154 sed

834 1177 992 1224 auctor,

167 1228 246 1267 Nec
278 1235 413 1280 petere
446 1229 694 1281 exemplum,
727 1230 795 1268 sed
828 1230 919 1268 dare
952 1230 1093 1281 dignus
1126 1243 1235 1270 eras.

108 1287 162 1326 Te
183 1318 193 1338 ‚
225 1287 320 1326 nihil
351 1299 397 1325 ex
430 1293 514 1326 acto
535 1319 545 1338 ‚
578 1289 653 1326 nisi
684 1300 762 1326 non
793 1301 976 1339 peccasse
1009 1294 1229 1342 petentem,

168 1345 314 1396 Sponte
347 1358 416 1384 sua
447 1345 621 1397 probitas
654 1347 904 1398 officiumque
937 1348 1064 1387 iuvat.

46 1412 89 1444 35
110 1404 241 1443 ludice
275 1411 311 1443 te
343 1404 524 1443 mercede
556 1411 663 1443 caret
694 1417 765 1455 per
796 1417 916 1456 seque
949 1406 1115 1457 petenda
1147 1413 1207 1446 est

166 1462 349 1501 Externis
381 1465 504 1501 virtus
536 1464 760 1502 incomitata
791 1463 926 1503 bonis.

108 1521 238 1572 Turpe
270 1528 383 1572 putas
416 1521 545 1572 abigi,
578 1523 666 1572 quia
698 1523 748 1560 sit
779 1522 1053 1575 miserandus,
1086 1524 1275 1576 amicum,

167 1579 355 1630 Quodque
389 1581 439 1618 sit
470 1579 602 1618 infelix
623 1611 633 1631 ‚
665 1579 844 1618 desinere
877 1593 962 1619 esse
995 1587 1129 1621 tuum.

108 1637 239 1676 Mitius
271 1644 330 1677 est
363 1638 462 1676 lasso
495 1638 658 1688 digitum
692 1651 913 1690 supponere
946 1645 1101 1692 mento,
1264 1648 1322 1682 (46)

45 1705 89 1736 40
166 1696 343 1747 Mergere
376 1708 490 1747 quam
522 1696 680 1747 liquidis
712 1709 779 1735 ora
810 1700 978 1736 natantis
1011 1700 1147 1749 aquis.

109 1754 262 1806 Cerne,
295 1755 386 1806 quid
420 1755 605 1793 Aeacides
643 1761 732 1806 post
768 1762 935 1795 mortem
972 1762 1146 1807 praestet
1177 1759 1323 1798 amico:

165 1813 291 1852 Instar
324 1820 362 1852 et
394 1813 490 1852 hauc
522 1814 637 1852 vitam
671 1815 808 1852 mortis
840 1814 983 1853 habere
1015 1821 1130 1866 puta.

109 1871 326 1910 Pirithoum
358 1871 533 1910 Theseus
568 1871 718 1923 Stygias
751 1874 948 1912 comitavit
979 1873 1024 1912 ad
1059 1873 1204 1913 undas:

165 1931 195 1968 A
229 1930 359 1981 Stygia
392 1937 579 1981 quantum
612 1943 698 1969 sors
729 1943 812 1970 mea
847 1931 965 1970 distat
996 1930 1124 1983 aqua?

44 1995 88 2027 45
107 1987 240 2027 Adfuit
270 1990 406 2027 insano
437 1990 590 2027 iuvenis
621 1989 798 2028 Phoceus
832 1989 1017 2029 Orestae:

166 2046 215 2085 Et
245 2059 328 2085 mea
361 2059 438 2086 non
471 2048 674 2086 minimum
707 2047 818 2099 culpa
852 2049 997 2087 furoris
1029 2047 1169 2087 habet.

108 2104 166 2144 Tu
199 2117 354 2156 quoque
387 2118 615 2157 magnorum
648 2106 781 2145 laudes
814 2107 972 2146 admitte
1005 2108 1204 2157 virorum,

168 2162 293 2213 thue
325 2164 448 2216 facis,
480 2164 587 2215 lapso
621 2177 735 2215 quam
768 2172 879 2216 potes
898 2197 908 2217 ,
940 2166 1035 2204 affer
1067 2177 1203 2216 opem.

109 2221 148 2260 Si
180 2221 278 2260 bene
312 2228 348 2260 te
381 2224 498 2275 novi,
531 2225 564 2262 si
596 2223 699 2274 quod
732 2225 842 2274 prius
875 2236 959 2262 esse
994 2223 1169 2275 solebas,

44 2288 87 2319 50
165 2279 276 2319 Nunc
310 2292 463 2332 quoque
497 2293 567 2334 es,
605 2288 720 2332 atque
759 2283 877 2321 animi
914 2294 991 2322 non
1031 2282 1207 2321 cecidere
1241 2284 1324 2335 tui,
