1575 2489
163 103 249 145 260
698 103 950 136 FASTORUM

338 212 537 262 virgineas
569 210 692 249 oculis
724 211 951 260 opposuisse
983 221 1142 248 manus.

280 272 356 308 Ara
387 269 480 307 deae
514 274 619 307 certe
651 269 812 306 tremuit
842 269 1016 317 pariente
1048 269 1248 318 ministra,

338 327 387 365 Et
419 326 539 365 subiit
570 327 721 364 cineres
753 326 889 363 territa
919 325 1069 363 flamma
1102 337 1192 364 suos
1213 355 1221 363 .

282 385 363 423 Hoc
395 384 463 422 ubi
495 385 675 434 cognovit
706 389 950 433 contemptor
981 383 1156 422 Amulius
1189 383 1323 433 aequi,
1357 404 1402 409 -

221 452 265 482 50
343 442 438 480 Nam
470 448 599 492 raptas
631 442 743 479 fratri
772 442 895 479 victor
926 440 1090 479 habebat
1121 453 1215 492 opes
1248 461 1291 467 —-

281 501 402 538 Amne
435 499 543 538 iubet
574 501 697 549 mergi
728 500 929 549 geminos.
986 499 1112 537 scelus
1143 498 1246 537 unda
1277 497 1443 549 refugit,

341 558 385 596 In
418 559 519 596 sicca
550 559 664 608 pueri
695 556 962 595 destituuntur
993 557 1133 595 humo.

281 616 398 655 Lacte
431 617 518 666 quis
549 616 716 653 infantes
748 616 873 653 nescit
903 616 1071 653 crevisse
1103 616 1250 665 serino,

340 674 389 712 Et
419 675 549 724 picum
582 674 766 724 expositis
799 685 913 723 saepe
945 672 1079 711 tulisse
1113 670 1254 711 cibos?

219 741 262 771 55
283 732 366 770 Non
400 744 470 782 ego
503 738 539 769 te
559 762 570 782 ,
601 737 729 769 tantae
761 732 894 769 nutrix
925 730 1104 769 Larentia
1136 731 1285 781 gentis,

341 790 421 828 Nec
452 796 599 828 taceam
629 795 806 839 vestras,
837 788 1019 827 Faustule
1052 801 1199 839 pauper
1218 820 1228 839 ,
1260 800 1374 839 opes.

282 847 420 886 Vester
451 848 572 886 1101105
604 848 761 896 veniet,
793 859 882 885 cum
912 846 1128 885 Larentalia
1160 846 1304 884 dicam:

339 907 532 957 Acceptns
564 907 686 955 geniis
718 905 782 943 illa
812 904 1026 943 December
1057 903 1195 942 habet.

282 963 418 1002 Martia
450 970 509 1002 ter
541 975 655 1001 senos
686 963 816 1013 proles
848 962 1066 1001 adoleverat
1097 974 1240 1013 annos,

219 1030 262 1060 00
340 1021 389 1060 Et
420 1021 578 1059 suberat
608 1021 725 1059 ssavae
756 1022 832 1059 iam
863 1033 960 1059 nova
991 1020 1110 1059 barba
1141 1032 1297 1059 comae:

283 1079 472 1118 Omnibus
503 1079 681 1129 agricolis
712 1084 1054 1128 armentorumque
1086 1080 1280 1129 magistris

339 1137 478 1176 Iliadae
511 1138 650 1175 fratres
682 1138 767 1174 iura
798 1138 918 1186 petita
949 1135 1111 1174 dabant.

283 1195 405 1245 Saepe
438 1195 594 1233 domum
627 1196 787 1232 veniunt
817 1193 1057 1244 praedonum
1089 1195 1275 1244 sanguine
1307 1193 1421 1245 laeti,

341 1253 390 1292 Et
420 1252 603 1303 redigunt
635 1258 741 1290 actos
772 1253 810 1290 in
844 1264 913 1290 sua
944 1263 1036 1290 rura
1069 1251 1212 1290 boves.

221 1320 262 1350 05
284 1311 331 1350 Ut
363 1323 486 1361 genus
518 1310 754 1361 audierunt,
786 1311 934 1348 animos
964 1316 1075 1361 pater
1107 1309 1234 1348 editus
1266 1316 1403 1361 auget,

340 1369 388 1407 Et
420 1368 540 1419 pudet
570 1370 609 1406 in
640 1369 774 1419 paucis
805 1380 946 1406 nomen
977 1367 1121 1406 11311010
1153 1369 1275 1406 casis:

282 1427 548 1477 Romuleoque
581 1426 682 1465 cadit
713 1428 899 1465 traiectus
930 1425 1105 1464 Amulius
1137 1438 1253 1476 ense,

340 1485 550 1535 Regnaque
583 1484 767 1535 longaevo
799 1485 1061 1522 restituuntur
1092 1496 1183 1522 avo.

282 1542 433 1581 Moenia
465 1542 713 1581 conduntur.
776 1554 873 1593 quae
906 1543 1079 1592 quamvis
1110 1553 1227 1592 parva
1257 1541 1439 1592 fuerunt,

220 1609 263 1639 70
340 1600 426 1639 Non
457 1607 587 1639 tamen
619 1600 789 1650 expediit
819 1599 1083 1638 transsiluisse
1116 1599 1257 1638 Remo.

283 1657 359 1696 Iam
379 1689 390 1709 ,
422 1658 535 1696 modo
562 1670 636 1709 qua
668 1659 822 1696 fuerant
853 1658 968 1696 silvae
994 1669 1258 1708 pecorumque
1290 1669 1494 1708 recessus,

341 1715 441 1754 Urbs
473 1722 584 1767 erat3
616 1722 796 1754 aeternae
829 1728 917 1754 cum
948 1722 1057 1766 pater
1088 1715 1203 1754 Urbis
1235 1716 1310 1755 ait:

284 1771 453 1812 eArbiter
485 1786 681 1813 armorum
700 1806 710 1825 ,
742 1774 789 1811 de
822 1775 932 1812 cuius
964 1775 1150 1824 sanguine
1182 1779 1297 1812 natus

342 1831 518 1883 Credor,
551 1838 589 1870 et
621 1838 663 1870 ut
695 1831 831 1870 credar
851 1863 861 1883 ‚
892 1833 1054 1882 pignora
1085 1831 1204 1870 multa
1235 1831 1357 1883 dabo,

221 1898 263 1929 75
283 1891 313 1928 A
346 1896 383 1928 te
416 1891 648 1940 principium
681 1889 853 1928 Romano
885 1889 1049 1928 dicimus
1080 1901 1203 1928 anno:

342 1947 496 1986 Primus
528 1948 574 1986 de
606 1950 731 1999 patrio
763 1949 918 1986 nomine
949 1949 1094 1986 mensis
1126 1943 1244 1986 erit.'

283 2005 363 2043 Vox
395 2011 476 2044 rata
508 2006 578 2057 fit,
610 2007 813 2057 patrioque
845 2012 955 2044 vocat
986 2005 1032 2043 de
1064 2007 1219 2043 nomine
1252 2017 1449 2044 mensem.

342 2063 491 2102 Dicitur
523 2063 618 2102 haec
650 2066 772 2115 pietas
803 2070 910 2114 grata
941 2064 1060 2101 fuisse
1092 2063 1187 2102 deo.

282 2120 330 2159 Et
362 2127 489 2160 tamen
522 2129 610 2160 ante
643 2134 777 2160 omnes
807 2121 969 2160 Martem
1000 2120 1155 2160 coluere
1188 2122 1364 2171 priores.

220 2187 264 2218 80
343 2178 424 2218 Hoc
456 2179 616 2218 dederat
647 2179 786 2219 studiis
817 2179 952 2218 bellica
984 2178 1097 2217 turba
1130 2180 1233 2218 suis.

282 2236 434 2274 Pallada
465 2237 700 2289 Cecropidae
719 2269 730 2290 ,
762 2237 903 2276 Minoia
934 2237 1047 2275 Creta
1078 2236 1261 2289 Dianam,

342 2293 552 2334 Volcanum
584 2296 698 2335 tellus
730 2295 960 2347 Hypsipylea
992 2295 1105 2347 colit3
