<?xml version="1.0" encoding="UTF-8"?>
<!DOCTYPE html PUBLIC "-//W3C//DTD XHTML 1.0 Transitional//EN"
    "http://www.w3.org/TR/xhtml1/DTD/xhtml1-transitional.dtd">
<html xmlns="http://www.w3.org/1999/xhtml" xml:lang="en" lang="en">
 <head>
  <title>
</title>
<meta http-equiv="Content-Type" content="text/html;charset=utf-8" />
  <meta name='ocr-system' content='tesseract 3.04.00' />
  <meta name='ocr-capabilities' content='ocr_page ocr_carea ocr_par ocr_line ocrx_word'/>
</head>
<body>
  <div class='ocr_page' id='page_1' title='image "./operaovid01oviduoft_0014.png"; bbox 0 0 1601 2484; ppageno 0'>
   <div class='ocr_carea' id='block_1_1' title="bbox 142 82 176 116">
    <p class='ocr_par' dir='ltr' id='par_1_1' title="bbox 142 82 176 116">
     <span class='ocr_line' id='line_1_1' title="bbox 142 82 176 116; baseline 0 0"><span class='ocrx_word' id='word_1_1' title='bbox 142 82 176 116; x_wconf 91' lang='lat' dir='ltr'>X</span> 
     </span>
    </p>
   </div>
   <div class='ocr_carea' id='block_1_2' title="bbox 140 192 1476 2335">
    <p class='ocr_par' dir='ltr' id='par_1_2' title="bbox 140 192 1470 301">
     <span class='ocr_line' id='line_1_2' title="bbox 142 192 1470 243; baseline 0.002 -13"><span class='ocrx_word' id='word_1_2' title='bbox 142 194 229 229; x_wconf 84' lang='lat' dir='ltr'>cato</span> <span class='ocrx_word' id='word_1_3' title='bbox 263 194 358 241; x_wconf 85' lang='lat'>537,</span> <span class='ocrx_word' id='word_1_4' title='bbox 391 196 460 231; x_wconf 89' lang='lat' dir='ltr'>aut</span> <span class='ocrx_word' id='word_1_5' title='bbox 491 193 675 231; x_wconf 87' lang='lat' dir='ltr'>Tiberino</span> <span class='ocrx_word' id='word_1_6' title='bbox 708 195 748 231; x_wconf 88' lang='lat' dir='ltr'>et</span> <span class='ocrx_word' id='word_1_7' title='bbox 780 192 927 233; x_wconf 85' lang='lat' dir='ltr'>Glauco</span> <span class='ocrx_word' id='word_1_8' title='bbox 953 194 1212 243; x_wconf 88' lang='lat' dir='ltr'>Anthedonio,</span> <span class='ocrx_word' id='word_1_9' title='bbox 1245 195 1340 242; x_wconf 85' lang='lat'>514,</span> <span class='ocrx_word' id='word_1_10' title='bbox 1375 195 1470 242; x_wconf 83' lang='lat'>556,</span> 
     </span>
     <span class='ocr_line' id='line_1_3' title="bbox 140 250 1150 301; baseline 0.004 -15"><span class='ocrx_word' id='word_1_11' title='bbox 140 251 209 298; x_wconf 84' lang='lat' dir='ltr'>qui</span> <span class='ocrx_word' id='word_1_12' title='bbox 241 250 303 287; x_wconf 89' lang='lat' dir='ltr'>dei</span> <span class='ocrx_word' id='word_1_13' title='bbox 333 251 438 297; x_wconf 81' lang='lat' dir='ltr'>facti,</span> <span class='ocrx_word' id='word_1_14' title='bbox 470 253 539 288; x_wconf 90' lang='lat' dir='ltr'>aut</span> <span class='ocrx_word' id='word_1_15' title='bbox 568 251 778 288; x_wconf 85' lang='lat' dir='ltr'>mulierum</span> <span class='ocrx_word' id='word_1_16' title='bbox 809 253 985 301; x_wconf 85' lang='lat' dir='ltr'>exempla</span> <span class='ocrx_word' id='word_1_17' title='bbox 1015 253 1150 290; x_wconf 90' lang='lat' dir='ltr'>multa.</span> 
     </span>
    </p>

    <p class='ocr_par' dir='ltr' id='par_1_3' title="bbox 140 308 1474 1459">
     <span class='ocr_line' id='line_1_4' title="bbox 260 308 1468 359; baseline 0.001 -14"><span class='ocrx_word' id='word_1_18' title='bbox 260 309 452 357; x_wconf 79' lang='lat' dir='ltr'>Pleraque</span> <span class='ocrx_word' id='word_1_19' title='bbox 478 309 572 345; x_wconf 86' lang='lat' dir='ltr'>haec</span> <span class='ocrx_word' id='word_1_20' title='bbox 604 308 826 357; x_wconf 70' lang='lat' dir='ltr'>antiquiora</span> <span class='ocrx_word' id='word_1_21' title='bbox 857 313 948 347; x_wconf 88' lang='lat' dir='ltr'>sunt</span> <span class='ocrx_word' id='word_1_22' title='bbox 979 311 1146 359; x_wconf 84' lang='lat' dir='ltr'>scholiis,</span> <span class='ocrx_word' id='word_1_23' title='bbox 1178 323 1197 348; x_wconf 95' lang='lat' dir='ltr'>e</span> <span class='ocrx_word' id='word_1_24' title='bbox 1223 321 1387 358; x_wconf 86' lang='lat' dir='ltr'>quorum</span> <span class='ocrx_word' id='word_1_25' title='bbox 1411 309 1468 346; x_wconf 90' lang='lat' dir='ltr'>in-</span> 
     </span>
     <span class='ocr_line' id='line_1_5' title="bbox 142 366 1471 417; baseline 0.002 -14"><span class='ocrx_word' id='word_1_26' title='bbox 142 366 259 414; x_wconf 88' lang='lat' dir='ltr'>eptiis</span> <span class='ocrx_word' id='word_1_27' title='bbox 291 366 440 403; x_wconf 87' lang='lat' dir='ltr'>fraudis</span> <span class='ocrx_word' id='word_1_28' title='bbox 471 366 661 404; x_wconf 88' lang='lat' dir='ltr'>latissime</span> <span class='ocrx_word' id='word_1_29' title='bbox 692 366 771 404; x_wconf 88' lang='lat' dir='ltr'>iam</span> <span class='ocrx_word' id='word_1_30' title='bbox 801 369 1018 415; x_wconf 85' lang='lat' dir='ltr'>grassantis</span> <span class='ocrx_word' id='word_1_31' title='bbox 1050 368 1162 417; x_wconf 81' lang='lat' dir='ltr'>quasi</span> <span class='ocrx_word' id='word_1_32' title='bbox 1185 367 1358 405; x_wconf 88' lang='lat' dir='ltr'>recinere</span> <span class='ocrx_word' id='word_1_33' title='bbox 1384 380 1471 405; x_wconf 90' lang='lat' dir='ltr'>can-</span> 
     </span>
     <span class='ocr_line' id='line_1_6' title="bbox 142 424 1469 474; baseline 0.002 -14"><span class='ocrx_word' id='word_1_34' title='bbox 142 424 304 461; x_wconf 81' lang='lat' dir='ltr'>tilenam</span> <span class='ocrx_word' id='word_1_35' title='bbox 345 424 460 461; x_wconf 88' lang='lat' dir='ltr'>facile</span> <span class='ocrx_word' id='word_1_36' title='bbox 501 424 718 472; x_wconf 88' lang='lat' dir='ltr'>suspiceris.</span> <span class='ocrx_word' id='word_1_37' title='bbox 791 425 856 462; x_wconf 79' lang='lat' dir='ltr'>vix</span> <span class='ocrx_word' id='word_1_38' title='bbox 891 427 1024 464; x_wconf 87' lang='lat' dir='ltr'>tamen</span> <span class='ocrx_word' id='word_1_39' title='bbox 1061 426 1102 464; x_wconf 91' lang='lat' dir='ltr'>in</span> <span class='ocrx_word' id='word_1_40' title='bbox 1139 425 1320 464; x_wconf 78' lang='lat' dir='ltr'>carminis</span> <span class='ocrx_word' id='word_1_41' title='bbox 1357 437 1469 474; x_wconf 89' lang='lat' dir='ltr'>para-</span> 
     </span>
     <span class='ocr_line' id='line_1_7' title="bbox 142 481 1469 533; baseline 0.002 -15"><span class='ocrx_word' id='word_1_42' title='bbox 142 481 228 519; x_wconf 86' lang='lat' dir='ltr'>dosi</span> <span class='ocrx_word' id='word_1_43' title='bbox 258 482 432 520; x_wconf 87' lang='lat' dir='ltr'>insaniae</span> <span class='ocrx_word' id='word_1_44' title='bbox 463 482 587 530; x_wconf 85' lang='lat' dir='ltr'>illius,</span> <span class='ocrx_word' id='word_1_45' title='bbox 627 494 703 531; x_wconf 88' lang='lat' dir='ltr'>qua</span> <span class='ocrx_word' id='word_1_46' title='bbox 734 482 890 520; x_wconf 86' lang='lat' dir='ltr'>fabulae</span> <span class='ocrx_word' id='word_1_47' title='bbox 921 483 1122 533; x_wconf 86' lang='lat' dir='ltr'>finguntur</span> <span class='ocrx_word' id='word_1_48' title='bbox 1146 486 1186 522; x_wconf 82' lang='lat' dir='ltr'>et</span> <span class='ocrx_word' id='word_1_49' title='bbox 1215 495 1351 522; x_wconf 84' lang='lat' dir='ltr'>versus</span> <span class='ocrx_word' id='word_1_50' title='bbox 1381 495 1469 532; x_wconf 90' lang='lat' dir='ltr'>pro-</span> 
     </span>
     <span class='ocr_line' id='line_1_8' title="bbox 140 540 1468 590; baseline 0.003 -14"><span class='ocrx_word' id='word_1_51' title='bbox 140 540 350 588; x_wconf 84' lang='lat' dir='ltr'>cuduntur,</span> <span class='ocrx_word' id='word_1_52' title='bbox 381 540 549 589; x_wconf 86' lang='lat' dir='ltr'>vestigia</span> <span class='ocrx_word' id='word_1_53' title='bbox 580 542 770 588; x_wconf 76' lang='lat' dir='ltr'>apparent</span> <span class='ocrx_word' id='word_1_54' title='bbox 799 544 958 589; x_wconf 90' lang='lat' dir='ltr'>praeter</span> <span class='ocrx_word' id='word_1_55' title='bbox 989 543 1214 590; x_wconf 61' lang='lat' dir='ltr'>scripturas,</span> <span class='ocrx_word' id='word_1_56' title='bbox 1245 542 1355 579; x_wconf 87' lang='lat' dir='ltr'>velut</span> <span class='ocrx_word' id='word_1_57' title='bbox 1386 543 1468 580; x_wconf 83' lang='lat'>499</span> 
     </span>
     <span class='ocr_line' id='line_1_9' title="bbox 143 598 1471 648; baseline 0.001 -13"><span class='ocrx_word' id='word_1_58' title='bbox 143 599 240 647; x_wconf 84' lang='lat'>539,</span> <span class='ocrx_word' id='word_1_59' title='bbox 273 600 312 636; x_wconf 91' lang='lat' dir='ltr'>et</span> <span class='ocrx_word' id='word_1_60' title='bbox 343 598 511 636; x_wconf 80' lang='lat' dir='ltr'>fortasse</span> <span class='ocrx_word' id='word_1_61' title='bbox 540 599 698 636; x_wconf 86' lang='lat' dir='ltr'>nomina</span> <span class='ocrx_word' id='word_1_62' title='bbox 730 598 922 648; x_wconf 86' lang='lat' dir='ltr'>quaedam</span> <span class='ocrx_word' id='word_1_63' title='bbox 952 600 1118 638; x_wconf 85' lang='lat' dir='ltr'>fallaciis</span> <span class='ocrx_word' id='word_1_64' title='bbox 1148 600 1227 637; x_wconf 85' lang='lat' dir='ltr'>illis</span> <span class='ocrx_word' id='word_1_65' title='bbox 1253 599 1471 637; x_wconf 87' lang='lat' dir='ltr'>adcommo-</span> 
     </span>
     <span class='ocr_line' id='line_1_10' title="bbox 142 655 1469 706; baseline 0.002 -14"><span class='ocrx_word' id='word_1_66' title='bbox 142 655 252 693; x_wconf 89' lang='lat' dir='ltr'>data:</span> <span class='ocrx_word' id='word_1_67' title='bbox 284 656 387 694; x_wconf 88' lang='lat' dir='ltr'>inter</span> <span class='ocrx_word' id='word_1_68' title='bbox 417 656 571 694; x_wconf 85' lang='lat' dir='ltr'>fabulas</span> <span class='ocrx_word' id='word_1_69' title='bbox 602 656 868 705; x_wconf 86' lang='lat' dir='ltr'>ignotissimas</span> <span class='ocrx_word' id='word_1_70' title='bbox 889 666 985 695; x_wconf 85' lang='lat' dir='ltr'>XXX</span> <span class='ocrx_word' id='word_1_71' title='bbox 1015 658 1124 695; x_wconf 87' lang='lat' dir='ltr'>nulla</span> <span class='ocrx_word' id='word_1_72' title='bbox 1155 660 1226 705; x_wconf 88' lang='lat' dir='ltr'>est,</span> <span class='ocrx_word' id='word_1_73' title='bbox 1259 670 1357 706; x_wconf 88' lang='lat' dir='ltr'>quae</span> <span class='ocrx_word' id='word_1_74' title='bbox 1390 657 1469 695; x_wconf 88' lang='lat' dir='ltr'>elo-</span> 
     </span>
     <span class='ocr_line' id='line_1_11' title="bbox 143 713 1470 764; baseline 0.002 -14"><span class='ocrx_word' id='word_1_75' title='bbox 143 713 309 751; x_wconf 88' lang='lat' dir='ltr'>cutionis</span> <span class='ocrx_word' id='word_1_76' title='bbox 329 715 509 752; x_wconf 86' lang='lat' dir='ltr'>barbarie</span> <span class='ocrx_word' id='word_1_77' title='bbox 523 715 687 763; x_wconf 89' lang='lat' dir='ltr'>laboret,</span> <span class='ocrx_word' id='word_1_78' title='bbox 709 724 946 764; x_wconf 89' lang='lat' dir='ltr'>quamquam</span> <span class='ocrx_word' id='word_1_79' title='bbox 966 716 1048 753; x_wconf 83' lang='lat'>461</span> <span class='ocrx_word' id='word_1_80' title='bbox 1071 718 1111 752; x_wconf 90' lang='lat' dir='ltr'>et</span> <span class='ocrx_word' id='word_1_81' title='bbox 1131 717 1183 752; x_wconf 83' lang='grc'>47</span> <span class='ocrx_word' id='word_1_82' title='bbox 1191 717 1213 753; x_wconf 88' lang='grc'>5</span> <span class='ocrx_word' id='word_1_83' title='bbox 1230 715 1470 753; x_wconf 87' lang='lat' dir='ltr'>Schraderus</span> 
     </span>
     <span class='ocr_line' id='line_1_12' title="bbox 143 770 1471 821; baseline 0.001 -12"><span class='ocrx_word' id='word_1_84' title='bbox 143 772 430 821; x_wconf 66' lang='lat' dir='ltr'>proscribebat-,3</span> <span class='ocrx_word' id='word_1_85' title='bbox 468 773 501 810; x_wconf 88' lang='lat' dir='ltr'>si</span> <span class='ocrx_word' id='word_1_86' title='bbox 537 772 584 810; x_wconf 90' lang='lat' dir='ltr'>de</span> <span class='ocrx_word' id='word_1_87' title='bbox 618 770 726 811; x_wconf 78' lang='lat' dir='ltr'>Te‘rei</span> <span class='ocrx_word' id='word_1_88' title='bbox 757 774 841 811; x_wconf 82' lang='lat'>434</span> <span class='ocrx_word' id='word_1_89' title='bbox 873 775 913 810; x_wconf 89' lang='lat' dir='ltr'>et</span> <span class='ocrx_word' id='word_1_90' title='bbox 942 771 1121 811; x_wconf 58' lang='lat' dir='ltr'>Proteum</span> <span class='ocrx_word' id='word_1_91' title='bbox 1152 774 1233 811; x_wconf 85' lang='lat'>517</span> <span class='ocrx_word' id='word_1_92' title='bbox 1273 773 1471 821; x_wconf 87' lang='lat' dir='ltr'>suspican-</span> 
     </span>
     <span class='ocr_line' id='line_1_13' title="bbox 143 830 1473 879; baseline 0.002 -13"><span class='ocrx_word' id='word_1_93' title='bbox 143 830 236 866; x_wconf 89' lang='lat' dir='ltr'>dum</span> <span class='ocrx_word' id='word_1_94' title='bbox 274 831 341 879; x_wconf 87' lang='lat' dir='ltr'>sit,</span> <span class='ocrx_word' id='word_1_95' title='bbox 384 843 463 868; x_wconf 90' lang='lat' dir='ltr'>non</span> <span class='ocrx_word' id='word_1_96' title='bbox 506 833 596 868; x_wconf 86' lang='lat' dir='ltr'>sunt</span> <span class='ocrx_word' id='word_1_97' title='bbox 639 834 743 869; x_wconf 89' lang='lat' dir='ltr'>certe</span> <span class='ocrx_word' id='word_1_98' title='bbox 787 831 944 869; x_wconf 87' lang='lat' dir='ltr'>fabulae</span> <span class='ocrx_word' id='word_1_99' title='bbox 988 831 1158 869; x_wconf 89' lang='lat' dir='ltr'>fictitiae.</span> <span class='ocrx_word' id='word_1_100' title='bbox 1234 831 1473 869; x_wconf 83' lang='lat' dir='ltr'>scholiorum</span> 
     </span>
     <span class='ocr_line' id='line_1_14' title="bbox 144 888 1471 938; baseline 0.002 -13"><span class='ocrx_word' id='word_1_101' title='bbox 144 890 317 926; x_wconf 87' lang='lat' dir='ltr'>aetatem</span> <span class='ocrx_word' id='word_1_102' title='bbox 347 888 527 938; x_wconf 69' lang='lat' dir='ltr'>EssisiuS,</span> <span class='ocrx_word' id='word_1_103' title='bbox 560 889 854 927; x_wconf 75' lang='lat' dir='ltr'>strenuissimus</span> <span class='ocrx_word' id='word_1_104' title='bbox 885 889 1168 928; x_wconf 81' lang='lat' dir='ltr'>inaccessorum</span> <span class='ocrx_word' id='word_1_105' title='bbox 1200 889 1471 938; x_wconf 84' lang='lat' dir='ltr'>investigator,</span> 
     </span>
     <span class='ocr_line' id='line_1_15' title="bbox 142 946 1474 997; baseline 0.002 -15"><span class='ocrx_word' id='word_1_106' title='bbox 142 946 333 984; x_wconf 80' lang='lat' dir='ltr'>indicavit</span> <span class='ocrx_word' id='word_1_107' title='bbox 381 947 580 985; x_wconf 83' lang='lat' dir='ltr'>saeculum</span> <span class='ocrx_word' id='word_1_108' title='bbox 629 948 825 997; x_wconf 89' lang='lat' dir='ltr'>quintum,</span> <span class='ocrx_word' id='word_1_109' title='bbox 881 948 990 985; x_wconf 90' lang='lat' dir='ltr'>cuius</span> <span class='ocrx_word' id='word_1_110' title='bbox 1040 948 1206 996; x_wconf 80' lang='lat' dir='ltr'>exempli</span> <span class='ocrx_word' id='word_1_111' title='bbox 1253 946 1474 997; x_wconf 83' lang='lat' dir='ltr'>Vergilium</span> 
     </span>
     <span class='ocr_line' id='line_1_16' title="bbox 143 1005 1471 1054; baseline 0.002 -13"><span class='ocrx_word' id='word_1_112' title='bbox 143 1005 444 1053; x_wconf 85' lang='lat' dir='ltr'>grammaticum</span> <span class='ocrx_word' id='word_1_113' title='bbox 474 1017 545 1053; x_wconf 88' lang='lat' dir='ltr'>per</span> <span class='ocrx_word' id='word_1_114' title='bbox 581 1006 626 1043; x_wconf 94' lang='lat' dir='ltr'>A.</span> <span class='ocrx_word' id='word_1_115' title='bbox 660 1006 805 1043; x_wconf 84' lang='lat' dir='ltr'>Maium</span> <span class='ocrx_word' id='word_1_116' title='bbox 838 1005 1037 1054; x_wconf 86' lang='lat' dir='ltr'>cognitum</span> <span class='ocrx_word' id='word_1_117' title='bbox 1074 1006 1275 1044; x_wconf 89' lang='lat' dir='ltr'>habemus.</span> <span class='ocrx_word' id='word_1_118' title='bbox 1347 1018 1471 1054; x_wconf 88' lang='lat' dir='ltr'>neque</span> 
     </span>
     <span class='ocr_line' id='line_1_17' title="bbox 143 1062 1472 1113; baseline 0.002 -14"><span class='ocrx_word' id='word_1_119' title='bbox 143 1062 251 1099; x_wconf 86' lang='lat' dir='ltr'>aliud</span> <span class='ocrx_word' id='word_1_120' title='bbox 275 1063 430 1100; x_wconf 85' lang='lat' dir='ltr'>invenio</span> <span class='ocrx_word' id='word_1_121' title='bbox 455 1065 624 1111; x_wconf 84' lang='lat' dir='ltr'>tempus,</span> <span class='ocrx_word' id='word_1_122' title='bbox 656 1076 730 1112; x_wconf 89' lang='lat' dir='ltr'>quo</span> <span class='ocrx_word' id='word_1_123' title='bbox 756 1064 887 1111; x_wconf 89' lang='lat' dir='ltr'>potius</span> <span class='ocrx_word' id='word_1_124' title='bbox 914 1066 1218 1102; x_wconf 86' lang='lat' dir='ltr'>consentaneum</span> <span class='ocrx_word' id='word_1_125' title='bbox 1245 1063 1296 1101; x_wconf 91' lang='lat' dir='ltr'>sit</span> <span class='ocrx_word' id='word_1_126' title='bbox 1315 1067 1472 1113; x_wconf 88' lang='lat' dir='ltr'>gestum</span> 
     </span>
     <span class='ocr_line' id='line_1_18' title="bbox 144 1121 1473 1171; baseline 0.002 -14"><span class='ocrx_word' id='word_1_127' title='bbox 144 1132 249 1169; x_wconf 86' lang='lat' dir='ltr'>esse,</span> <span class='ocrx_word' id='word_1_128' title='bbox 291 1121 393 1169; x_wconf 88' lang='lat' dir='ltr'>quod</span> <span class='ocrx_word' id='word_1_129' title='bbox 434 1133 552 1169; x_wconf 86' lang='lat' dir='ltr'>supra</span> <span class='ocrx_word' id='word_1_130' title='bbox 588 1121 824 1171; x_wconf 85' lang='lat' dir='ltr'>indicabam,</span> <span class='ocrx_word' id='word_1_131' title='bbox 867 1123 912 1159; x_wconf 89' lang='lat' dir='ltr'>ut</span> <span class='ocrx_word' id='word_1_132' title='bbox 952 1123 1149 1171; x_wconf 75' lang='lat' dir='ltr'>exemplar</span> <span class='ocrx_word' id='word_1_133' title='bbox 1185 1134 1306 1159; x_wconf 89' lang='lat' dir='ltr'>unum</span> <span class='ocrx_word' id='word_1_134' title='bbox 1345 1121 1473 1160; x_wconf 84' lang='lat' dir='ltr'>Ovidii</span> 
     </span>
     <span class='ocr_line' id='line_1_19' title="bbox 144 1178 1474 1228; baseline 0.002 -13"><span class='ocrx_word' id='word_1_135' title='bbox 144 1178 367 1227; x_wconf 85' lang='lat' dir='ltr'>haberetur,</span> <span class='ocrx_word' id='word_1_136' title='bbox 400 1179 479 1216; x_wconf 87' lang='lat' dir='ltr'>situ</span> <span class='ocrx_word' id='word_1_137' title='bbox 510 1179 702 1226; x_wconf 85' lang='lat' dir='ltr'>affectum,</span> <span class='ocrx_word' id='word_1_138' title='bbox 741 1179 843 1228; x_wconf 85' lang='lat' dir='ltr'>quod</span> <span class='ocrx_word' id='word_1_139' title='bbox 875 1192 962 1217; x_wconf 86' lang='lat' dir='ltr'>cum</span> <span class='ocrx_word' id='word_1_140' title='bbox 993 1192 1040 1217; x_wconf 83' lang='lat' dir='ltr'>ex</span> <span class='ocrx_word' id='word_1_141' title='bbox 1071 1180 1158 1217; x_wconf 88' lang='lat' dir='ltr'>aliis</span> <span class='ocrx_word' id='word_1_142' title='bbox 1191 1180 1366 1228; x_wconf 89' lang='lat' dir='ltr'>suppleri</span> <span class='ocrx_word' id='word_1_143' title='bbox 1395 1193 1474 1217; x_wconf 89' lang='lat' dir='ltr'>non</span> 
     </span>
     <span class='ocr_line' id='line_1_20' title="bbox 143 1237 1472 1286; baseline 0.002 -13"><span class='ocrx_word' id='word_1_144' title='bbox 143 1237 334 1284; x_wconf 89' lang='lat' dir='ltr'>potuerit,</span> <span class='ocrx_word' id='word_1_145' title='bbox 371 1249 494 1274; x_wconf 83' lang='lat' dir='ltr'>novae</span> <span class='ocrx_word' id='word_1_146' title='bbox 531 1237 844 1285; x_wconf 85' lang='lat' dir='ltr'>interpolationis</span> <span class='ocrx_word' id='word_1_147' title='bbox 876 1249 1035 1275; x_wconf 87' lang='lat' dir='ltr'>causam</span> <span class='ocrx_word' id='word_1_148' title='bbox 1066 1237 1237 1286; x_wconf 71' lang='lat' dir='ltr'>dederit,</span> <span class='ocrx_word' id='word_1_149' title='bbox 1273 1240 1359 1275; x_wconf 91' lang='lat' dir='ltr'>tum</span> <span class='ocrx_word' id='word_1_150' title='bbox 1390 1239 1472 1286; x_wconf 91' lang='lat' dir='ltr'>qui·</span> 
     </span>
     <span class='ocr_line' id='line_1_21' title="bbox 143 1294 1474 1344; baseline 0.002 -13"><span class='ocrx_word' id='word_1_151' title='bbox 143 1294 234 1331; x_wconf 88' lang='lat' dir='ltr'>dem</span> <span class='ocrx_word' id='word_1_152' title='bbox 270 1295 508 1343; x_wconf 80' lang='lat' dir='ltr'>ineruditae,</span> <span class='ocrx_word' id='word_1_153' title='bbox 546 1296 590 1332; x_wconf 86' lang='lat' dir='ltr'>ut</span> <span class='ocrx_word' id='word_1_154' title='bbox 628 1297 736 1332; x_wconf 86' lang='lat' dir='ltr'>aetas</span> <span class='ocrx_word' id='word_1_155' title='bbox 770 1297 871 1343; x_wconf 88' lang='lat' dir='ltr'>erat,</span> <span class='ocrx_word' id='word_1_156' title='bbox 910 1295 978 1333; x_wconf 91' lang='lat' dir='ltr'>sed</span> <span class='ocrx_word' id='word_1_157' title='bbox 1013 1296 1130 1344; x_wconf 88' lang='lat' dir='ltr'>paulo</span> <span class='ocrx_word' id='word_1_158' title='bbox 1163 1296 1402 1344; x_wconf 86' lang='lat' dir='ltr'>elegantiore</span> <span class='ocrx_word' id='word_1_159' title='bbox 1434 1298 1474 1334; x_wconf 85' lang='lat' dir='ltr'>et</span> 
     </span>
     <span class='ocr_line' id='line_1_22' title="bbox 143 1353 1474 1402; baseline 0.003 -14"><span class='ocrx_word' id='word_1_160' title='bbox 143 1353 269 1400; x_wconf 88' lang='lat' dir='ltr'>poetis</span> <span class='ocrx_word' id='word_1_161' title='bbox 314 1353 413 1391; x_wconf 77' lang='lat' dir='ltr'>sexti</span> <span class='ocrx_word' id='word_1_162' title='bbox 455 1353 519 1390; x_wconf 88' lang='lat' dir='ltr'>vel</span> <span class='ocrx_word' id='word_1_163' title='bbox 563 1353 719 1401; x_wconf 87' lang='lat' dir='ltr'>septimi</span> <span class='ocrx_word' id='word_1_164' title='bbox 759 1353 904 1391; x_wconf 88' lang='lat' dir='ltr'>saeculi</span> <span class='ocrx_word' id='word_1_165' title='bbox 947 1353 1066 1402; x_wconf 85' lang='lat' dir='ltr'>digna</span> <span class='ocrx_word' id='word_1_166' title='bbox 1108 1354 1300 1401; x_wconf 87' lang='lat' dir='ltr'>insecuta,</span> <span class='ocrx_word' id='word_1_167' title='bbox 1345 1356 1390 1392; x_wconf 88' lang='lat' dir='ltr'>ut</span> <span class='ocrx_word' id='word_1_168' title='bbox 1428 1366 1474 1392; x_wconf 88' lang='lat' dir='ltr'>ea</span> 
     </span>
     <span class='ocr_line' id='line_1_23' title="bbox 144 1411 952 1459; baseline 0.004 -12"><span class='ocrx_word' id='word_1_169' title='bbox 144 1413 306 1459; x_wconf 87' lang='lat' dir='ltr'>propter</span> <span class='ocrx_word' id='word_1_170' title='bbox 337 1424 360 1448; x_wconf 89' lang='lat' dir='ltr'>a</span> <span class='ocrx_word' id='word_1_171' title='bbox 390 1411 525 1459; x_wconf 88' lang='lat' dir='ltr'>quinto</span> <span class='ocrx_word' id='word_1_172' title='bbox 559 1414 738 1459; x_wconf 84' lang='lat' dir='ltr'>coeptam</span> <span class='ocrx_word' id='word_1_173' title='bbox 770 1414 952 1450; x_wconf 86' lang='lat' dir='ltr'>statuam.</span> 
     </span>
    </p>

    <p class='ocr_par' dir='ltr' id='par_1_4' title="bbox 143 1468 1476 2335">
     <span class='ocr_line' id='line_1_24' title="bbox 263 1468 1471 1518; baseline 0.002 -13"><span class='ocrx_word' id='word_1_174' title='bbox 263 1468 369 1514; x_wconf 85' lang='lat' dir='ltr'>Quae</span> <span class='ocrx_word' id='word_1_175' title='bbox 407 1469 529 1518; x_wconf 85' lang='lat' dir='ltr'>igitur</span> <span class='ocrx_word' id='word_1_176' title='bbox 567 1471 656 1506; x_wconf 86' lang='lat' dir='ltr'>ante</span> <span class='ocrx_word' id='word_1_177' title='bbox 690 1481 785 1508; x_wconf 87' lang='lat' dir='ltr'>saec.</span> <span class='ocrx_word' id='word_1_178' title='bbox 818 1483 844 1508; x_wconf 91' lang='lat' dir='ltr'>v</span> <span class='ocrx_word' id='word_1_179' title='bbox 880 1469 922 1506; x_wconf 88' lang='lat' dir='ltr'>in</span> <span class='ocrx_word' id='word_1_180' title='bbox 951 1469 1061 1507; x_wconf 86' lang='lat' dir='ltr'>Ibide</span> <span class='ocrx_word' id='word_1_181' title='bbox 1098 1470 1336 1518; x_wconf 86' lang='lat' dir='ltr'>interpolata</span> <span class='ocrx_word' id='word_1_182' title='bbox 1368 1472 1471 1514; x_wconf 85' lang='lat' dir='ltr'>sunt,</span> 
     </span>
     <span class='ocr_line' id='line_1_25' title="bbox 147 1527 1474 1577; baseline 0.002 -13"><span class='ocrx_word' id='word_1_183' title='bbox 147 1539 192 1564; x_wconf 93' lang='lat' dir='ltr'>eo</span> <span class='ocrx_word' id='word_1_184' title='bbox 223 1527 309 1564; x_wconf 90' lang='lat' dir='ltr'>loco</span> <span class='ocrx_word' id='word_1_185' title='bbox 341 1527 475 1564; x_wconf 86' lang='lat' dir='ltr'>licebit</span> <span class='ocrx_word' id='word_1_186' title='bbox 499 1527 730 1575; x_wconf 87' lang='lat' dir='ltr'>habeantur,</span> <span class='ocrx_word' id='word_1_187' title='bbox 762 1541 838 1576; x_wconf 91' lang='lat' dir='ltr'>quo</span> <span class='ocrx_word' id='word_1_188' title='bbox 864 1528 1082 1565; x_wconf 86' lang='lat' dir='ltr'>vetustiora</span> <span class='ocrx_word' id='word_1_189' title='bbox 1106 1528 1474 1577; x_wconf 84' lang='lat' dir='ltr'>Metamorphoseon</span> 
     </span>
     <span class='ocr_line' id='line_1_26' title="bbox 145 1585 1473 1635; baseline 0.002 -14"><span class='ocrx_word' id='word_1_190' title='bbox 145 1585 428 1633; x_wconf 84' lang='lat' dir='ltr'>supplementa.</span> <span class='ocrx_word' id='word_1_191' title='bbox 501 1587 666 1635; x_wconf 88' lang='lat' dir='ltr'>utraque</span> <span class='ocrx_word' id='word_1_192' title='bbox 709 1597 732 1622; x_wconf 89' lang='lat' dir='ltr'>a</span> <span class='ocrx_word' id='word_1_193' title='bbox 774 1586 951 1635; x_wconf 89' lang='lat' dir='ltr'>genuinis</span> <span class='ocrx_word' id='word_1_194' title='bbox 990 1586 1084 1624; x_wconf 90' lang='lat' dir='ltr'>satis</span> <span class='ocrx_word' id='word_1_195' title='bbox 1122 1598 1238 1635; x_wconf 87' lang='lat' dir='ltr'>aegre</span> <span class='ocrx_word' id='word_1_196' title='bbox 1275 1586 1473 1624; x_wconf 89' lang='lat' dir='ltr'>interdum</span> 
     </span>
     <span class='ocr_line' id='line_1_27' title="bbox 144 1643 1472 1694; baseline 0.002 -15"><span class='ocrx_word' id='word_1_197' title='bbox 144 1643 428 1691; x_wconf 87' lang='lat' dir='ltr'>discernuntur,</span> <span class='ocrx_word' id='word_1_198' title='bbox 453 1643 568 1692; x_wconf 89' lang='lat' dir='ltr'>idque</span> <span class='ocrx_word' id='word_1_199' title='bbox 587 1643 794 1692; x_wconf 85' lang='lat' dir='ltr'>praecipue</span> <span class='ocrx_word' id='word_1_200' title='bbox 813 1644 854 1681; x_wconf 91' lang='lat' dir='ltr'>in</span> <span class='ocrx_word' id='word_1_201' title='bbox 873 1644 992 1682; x_wconf 89' lang='lat' dir='ltr'>Ibide.</span> <span class='ocrx_word' id='word_1_202' title='bbox 1064 1644 1105 1681; x_wconf 92' lang='lat' dir='ltr'>in</span> <span class='ocrx_word' id='word_1_203' title='bbox 1130 1644 1328 1682; x_wconf 75' lang='lat' dir='ltr'>Metamm.</span> <span class='ocrx_word' id='word_1_204' title='bbox 1356 1657 1472 1694; x_wconf 87' lang='lat' dir='ltr'>quae-</span> 
     </span>
     <span class='ocr_line' id='line_1_28' title="bbox 147 1701 1474 1751; baseline 0.002 -13"><span class='ocrx_word' id='word_1_205' title='bbox 147 1701 238 1738; x_wconf 85' lang='lat' dir='ltr'>dam</span> <span class='ocrx_word' id='word_1_206' title='bbox 263 1701 444 1739; x_wconf 81' lang='lat' dir='ltr'>cancellis</span> <span class='ocrx_word' id='word_1_207' title='bbox 469 1701 599 1739; x_wconf 85' lang='lat' dir='ltr'>notari</span> <span class='ocrx_word' id='word_1_208' title='bbox 623 1704 807 1750; x_wconf 88' lang='lat' dir='ltr'>poterant</span> <span class='ocrx_word' id='word_1_209' title='bbox 832 1702 881 1740; x_wconf 89' lang='lat' dir='ltr'>ad</span> <span class='ocrx_word' id='word_1_210' title='bbox 906 1702 1130 1740; x_wconf 85' lang='lat' dir='ltr'>indicandos</span> <span class='ocrx_word' id='word_1_211' title='bbox 1155 1704 1355 1751; x_wconf 85' lang='lat' dir='ltr'>terminos,</span> <span class='ocrx_word' id='word_1_212' title='bbox 1381 1704 1474 1741; x_wconf 81' lang='lat' dir='ltr'>arti-</span> 
     </span>
     <span class='ocr_line' id='line_1_29' title="bbox 144 1759 1469 1809; baseline 0.002 -13"><span class='ocrx_word' id='word_1_213' title='bbox 144 1759 221 1796; x_wconf 86' lang='lat' dir='ltr'>ficii</span> <span class='ocrx_word' id='word_1_214' title='bbox 252 1771 375 1808; x_wconf 88' lang='lat' dir='ltr'>genus</span> <span class='ocrx_word' id='word_1_215' title='bbox 408 1762 448 1797; x_wconf 88' lang='lat' dir='ltr'>et</span> <span class='ocrx_word' id='word_1_216' title='bbox 481 1760 672 1808; x_wconf 82' lang='lat' dir='ltr'>originem</span> <span class='ocrx_word' id='word_1_217' title='bbox 702 1759 1027 1808; x_wconf 79' lang='lat' dir='ltr'>interpolationiS,</span> <span class='ocrx_word' id='word_1_218' title='bbox 1065 1763 1134 1798; x_wconf 90' lang='lat' dir='ltr'>aut</span> <span class='ocrx_word' id='word_1_219' title='bbox 1165 1761 1354 1809; x_wconf 88' lang='lat' dir='ltr'>pristinae</span> <span class='ocrx_word' id='word_1_220' title='bbox 1387 1773 1469 1799; x_wconf 91' lang='lat' dir='ltr'>ora-</span> 
     </span>
     <span class='ocr_line' id='line_1_30' title="bbox 143 1817 1473 1857; baseline 0.002 -3"><span class='ocrx_word' id='word_1_221' title='bbox 143 1817 262 1855; x_wconf 87' lang='lat' dir='ltr'>tionis</span> <span class='ocrx_word' id='word_1_222' title='bbox 288 1818 619 1856; x_wconf 86' lang='lat' dir='ltr'>continuationem</span> <span class='ocrx_word' id='word_1_223' title='bbox 652 1820 692 1855; x_wconf 93' lang='lat' dir='ltr'>et</span> <span class='ocrx_word' id='word_1_224' title='bbox 723 1820 899 1856; x_wconf 89' lang='lat' dir='ltr'>tenorem</span> <span class='ocrx_word' id='word_1_225' title='bbox 926 1818 1158 1856; x_wconf 84' lang='lat' dir='ltr'>sistendum:</span> <span class='ocrx_word' id='word_1_226' title='bbox 1189 1819 1231 1856; x_wconf 92' lang='lat' dir='ltr'>in</span> <span class='ocrx_word' id='word_1_227' title='bbox 1254 1819 1366 1857; x_wconf 91' lang='lat' dir='ltr'>Ibide</span> <span class='ocrx_word' id='word_1_228' title='bbox 1392 1819 1473 1857; x_wconf 91' lang='lat' dir='ltr'>eius</span> 
     </span>
     <span class='ocr_line' id='line_1_31' title="bbox 143 1875 1473 1925; baseline 0.003 -13"><span class='ocrx_word' id='word_1_229' title='bbox 143 1875 251 1913; x_wconf 90' lang='lat' dir='ltr'>modi</span> <span class='ocrx_word' id='word_1_230' title='bbox 281 1875 379 1913; x_wconf 90' lang='lat' dir='ltr'>nihil</span> <span class='ocrx_word' id='word_1_231' title='bbox 408 1889 530 1924; x_wconf 91' lang='lat' dir='ltr'>prope</span> <span class='ocrx_word' id='word_1_232' title='bbox 561 1879 632 1925; x_wconf 85' lang='lat' dir='ltr'>est,</span> <span class='ocrx_word' id='word_1_233' title='bbox 664 1876 767 1924; x_wconf 90' lang='lat' dir='ltr'>quod</span> <span class='ocrx_word' id='word_1_234' title='bbox 798 1876 893 1914; x_wconf 88' lang='lat' dir='ltr'>satis</span> <span class='ocrx_word' id='word_1_235' title='bbox 925 1889 994 1925; x_wconf 87' lang='lat' dir='ltr'>per</span> <span class='ocrx_word' id='word_1_236' title='bbox 1031 1889 1072 1914; x_wconf 91' lang='lat' dir='ltr'>se</span> <span class='ocrx_word' id='word_1_237' title='bbox 1104 1878 1257 1925; x_wconf 80' lang='lat' dir='ltr'>pateat3</span> <span class='ocrx_word' id='word_1_238' title='bbox 1297 1877 1473 1916; x_wconf 85' lang='lat' dir='ltr'>distichis</span> 
     </span>
     <span class='ocr_line' id='line_1_32' title="bbox 146 1933 1473 1984; baseline 0.003 -14"><span class='ocrx_word' id='word_1_239' title='bbox 146 1933 277 1971; x_wconf 85' lang='lat' dir='ltr'>omnia</span> <span class='ocrx_word' id='word_1_240' title='bbox 307 1933 554 1972; x_wconf 86' lang='lat' dir='ltr'>definiuntur.</span> <span class='ocrx_word' id='word_1_241' title='bbox 625 1934 692 1972; x_wconf 91' lang='lat' dir='ltr'>sed</span> <span class='ocrx_word' id='word_1_242' title='bbox 724 1934 923 1972; x_wconf 88' lang='lat' dir='ltr'>commode</span> <span class='ocrx_word' id='word_1_243' title='bbox 954 1947 978 1972; x_wconf 91' lang='lat' dir='ltr'>a</span> <span class='ocrx_word' id='word_1_244' title='bbox 996 1934 1376 1984; x_wconf 86' lang='lat' dir='ltr'>Metamorphosibus</span> <span class='ocrx_word' id='word_1_245' title='bbox 1395 1936 1473 1974; x_wconf 90' lang='lat' dir='ltr'>Ibi-</span> 
     </span>
     <span class='ocr_line' id='line_1_33' title="bbox 145 1991 1475 2043; baseline 0.003 -15"><span class='ocrx_word' id='word_1_246' title='bbox 145 1992 204 2029; x_wconf 89' lang='lat' dir='ltr'>dis</span> <span class='ocrx_word' id='word_1_247' title='bbox 242 1991 495 2030; x_wconf 89' lang='lat' dir='ltr'>Ponticorum</span> <span class='ocrx_word' id='word_1_248' title='bbox 529 1992 739 2030; x_wconf 88' lang='lat' dir='ltr'>Fastorum</span> <span class='ocrx_word' id='word_1_249' title='bbox 781 1992 952 2030; x_wconf 83' lang='lat' dir='ltr'>condicio</span> <span class='ocrx_word' id='word_1_250' title='bbox 993 1993 1033 2030; x_wconf 90' lang='lat' dir='ltr'>in</span> <span class='ocrx_word' id='word_1_251' title='bbox 1072 1993 1144 2031; x_wconf 88' lang='lat' dir='ltr'>hoc</span> <span class='ocrx_word' id='word_1_252' title='bbox 1182 1993 1327 2042; x_wconf 84' lang='lat' dir='ltr'>differt,</span> <span class='ocrx_word' id='word_1_253' title='bbox 1371 1994 1475 2043; x_wconf 89' lang='lat' dir='ltr'>quod</span> 
     </span>
     <span class='ocr_line' id='line_1_34' title="bbox 145 2050 1474 2102; baseline 0.002 -15"><span class='ocrx_word' id='word_1_254' title='bbox 145 2062 244 2098; x_wconf 88' lang='lat' dir='ltr'>quae</span> <span class='ocrx_word' id='word_1_255' title='bbox 282 2050 322 2086; x_wconf 91' lang='lat' dir='ltr'>in</span> <span class='ocrx_word' id='word_1_256' title='bbox 358 2050 418 2088; x_wconf 91' lang='lat' dir='ltr'>his</span> <span class='ocrx_word' id='word_1_257' title='bbox 456 2053 545 2099; x_wconf 86' lang='lat' dir='ltr'>post</span> <span class='ocrx_word' id='word_1_258' title='bbox 577 2050 774 2088; x_wconf 88' lang='lat' dir='ltr'>saeculum</span> <span class='ocrx_word' id='word_1_259' title='bbox 805 2051 985 2100; x_wconf 87' lang='lat' dir='ltr'>quintum</span> <span class='ocrx_word' id='word_1_260' title='bbox 1017 2052 1179 2089; x_wconf 86' lang='lat' dir='ltr'>accessit</span> <span class='ocrx_word' id='word_1_261' title='bbox 1209 2052 1474 2102; x_wconf 86' lang='lat' dir='ltr'>interpolatio,</span> 
     </span>
     <span class='ocr_line' id='line_1_35' title="bbox 145 2108 1474 2159; baseline 0.002 -14"><span class='ocrx_word' id='word_1_262' title='bbox 145 2120 169 2145; x_wconf 91' lang='lat' dir='ltr'>a</span> <span class='ocrx_word' id='word_1_263' title='bbox 199 2108 414 2146; x_wconf 86' lang='lat' dir='ltr'>vetustiore</span> <span class='ocrx_word' id='word_1_264' title='bbox 446 2108 502 2146; x_wconf 88' lang='lat' dir='ltr'>ita</span> <span class='ocrx_word' id='word_1_265' title='bbox 534 2111 784 2158; x_wconf 84' lang='lat' dir='ltr'>segregatur,</span> <span class='ocrx_word' id='word_1_266' title='bbox 816 2112 861 2146; x_wconf 88' lang='lat' dir='ltr'>ut</span> <span class='ocrx_word' id='word_1_267' title='bbox 891 2109 987 2147; x_wconf 89' lang='lat' dir='ltr'>haec</span> <span class='ocrx_word' id='word_1_268' title='bbox 1019 2111 1124 2147; x_wconf 84' lang='lat' dir='ltr'>certe</span> <span class='ocrx_word' id='word_1_269' title='bbox 1149 2122 1258 2158; x_wconf 86' lang='lat' dir='ltr'>pars,</span> <span class='ocrx_word' id='word_1_270' title='bbox 1289 2122 1368 2148; x_wconf 89' lang='lat' dir='ltr'>non</span> <span class='ocrx_word' id='word_1_271' title='bbox 1393 2111 1474 2159; x_wconf 88' lang='lat' dir='ltr'>opi—</span> 
     </span>
     <span class='ocr_line' id='line_1_36' title="bbox 144 2166 1473 2216; baseline 0.002 -13"><span class='ocrx_word' id='word_1_272' title='bbox 144 2166 273 2204; x_wconf 89' lang='lat' dir='ltr'>nionis</span> <span class='ocrx_word' id='word_1_273' title='bbox 293 2167 423 2215; x_wconf 89' lang='lat' dir='ltr'>aliquo</span> <span class='ocrx_word' id='word_1_274' title='bbox 445 2166 619 2216; x_wconf 88' lang='lat' dir='ltr'>arbitrio,</span> <span class='ocrx_word' id='word_1_275' title='bbox 640 2167 708 2205; x_wconf 90' lang='lat' dir='ltr'>sed</span> <span class='ocrx_word' id='word_1_276' title='bbox 727 2167 918 2205; x_wconf 88' lang='lat' dir='ltr'>librorum</span> <span class='ocrx_word' id='word_1_277' title='bbox 936 2169 1006 2205; x_wconf 84' lang='lat' dir='ltr'>aut</span> <span class='ocrx_word' id='word_1_278' title='bbox 1024 2167 1248 2206; x_wconf 83' lang='lat' dir='ltr'>testimonio</span> <span class='ocrx_word' id='word_1_279' title='bbox 1270 2170 1339 2206; x_wconf 89' lang='lat' dir='ltr'>aut</span> <span class='ocrx_word' id='word_1_280' title='bbox 1352 2168 1473 2206; x_wconf 89' lang='lat' dir='ltr'>admi-</span> 
     </span>
     <span class='ocr_line' id='line_1_37' title="bbox 144 2225 1476 2275; baseline 0.002 -14"><span class='ocrx_word' id='word_1_281' title='bbox 144 2225 290 2273; x_wconf 83' lang='lat' dir='ltr'>niculo,</span> <span class='ocrx_word' id='word_1_282' title='bbox 329 2225 508 2263; x_wconf 89' lang='lat' dir='ltr'>cancellis</span> <span class='ocrx_word' id='word_1_283' title='bbox 544 2225 725 2274; x_wconf 85' lang='lat' dir='ltr'>insigniri</span> <span class='ocrx_word' id='word_1_284' title='bbox 756 2225 942 2274; x_wconf 91' lang='lat' dir='ltr'>potuerit.</span> <span class='ocrx_word' id='word_1_285' title='bbox 1014 2225 1055 2263; x_wconf 91' lang='lat' dir='ltr'>id</span> <span class='ocrx_word' id='word_1_286' title='bbox 1085 2226 1277 2274; x_wconf 88' lang='lat' dir='ltr'>quomodo</span> <span class='ocrx_word' id='word_1_287' title='bbox 1310 2226 1476 2275; x_wconf 87' lang='lat' dir='ltr'>simplici</span> 
     </span>
     <span class='ocr_line' id='line_1_38' title="bbox 146 2283 1476 2335; baseline 0.002 -15"><span class='ocrx_word' id='word_1_288' title='bbox 146 2294 223 2320; x_wconf 88' lang='lat' dir='ltr'>una</span> <span class='ocrx_word' id='word_1_289' title='bbox 243 2285 283 2321; x_wconf 90' lang='lat' dir='ltr'>et</span> <span class='ocrx_word' id='word_1_290' title='bbox 303 2294 348 2321; x_wconf 86' lang='lat' dir='ltr'>ex</span> <span class='ocrx_word' id='word_1_291' title='bbox 366 2284 575 2332; x_wconf 86' lang='lat' dir='ltr'>propatulo</span> <span class='ocrx_word' id='word_1_292' title='bbox 591 2283 862 2322; x_wconf 84' lang='lat' dir='ltr'>observatione</span> <span class='ocrx_word' id='word_1_293' title='bbox 884 2283 1064 2322; x_wconf 87' lang='lat' dir='ltr'>effectum</span> <span class='ocrx_word' id='word_1_294' title='bbox 1079 2285 1140 2333; x_wconf 86' lang='lat' dir='ltr'>sit,</span> <span class='ocrx_word' id='word_1_295' title='bbox 1160 2296 1261 2323; x_wconf 88' lang='lat' dir='ltr'>nunc</span> <span class='ocrx_word' id='word_1_296' title='bbox 1275 2297 1476 2335; x_wconf 83' lang='lat' dir='ltr'>exponam.</span> 
     </span>
    </p>
   </div>
  </div>
 </body>
</html>
