1575 2489
554 63 616 96 111.
645 65 840 96 687-754.
1276 61 1360 102 279

59 181 123 211 720
202 171 251 210 Et
283 170 445 209 domitas
478 176 643 223 gentes,
675 171 815 209 turifer
847 170 939 208 Inde
959 202 969 221 ,
1002 176 1109 209 tuas.

143 230 201 268 Tu
235 241 389 280 quoque
408 261 419 282 ,
451 229 658 267 Thebanae
691 228 788 268 mala
820 229 962 279 praeda
982 260 992 280 ,
1025 228 1229 280 tacebere,

868 289 1026 339 matris;

200 345 321 397 Inque
354 351 466 384 tuum
498 345 611 384 furiis
644 351 728 385 acte
746 377 757 397 ,
790 345 996 398 Lycurge,
1027 357 1127 396 genu

142 404 242 443 Ecce
274 403 369 442 libet
401 403 551 443 subitos
583 406 710 455 pisces
742 404 1021 456 Tyrrhenaque
1055 410 1227 442 monstra

200 463 366 501 Dicere:
412 462 479 501 sed
511 475 589 501 non
623 468 682 502 est
714 464 896 502 carminis
928 462 1044 501 huius
1077 475 1199 513 opus.

55 530 120 561 725
142 521 332 560 Carminis
364 520 481 559 huius
514 534 611 572 opus
644 533 780 560 causas
812 533 1042 572 expromere
1062 552 1072 572 ,
1105 533 1224 572 quare

199 579 293 618 Vilis
325 592 421 618 anus
454 580 619 631 populos
652 580 697 618 ad
732 592 800 619 sua
832 580 908 618 liba
940 585 1077 618 vocet.

140 638 239 677 Ante
271 643 360 677 tuos
392 644 502 677 ortus
535 651 623 677 arae
657 640 740 677 sine
772 639 920 677 honore
953 639 1136 691 suerunt,

198 696 343 748 Liber,
377 702 415 735 et
446 698 485 735 in
518 697 654 747 gelidis
686 697 806 735 herba
839 703 994 748 reperta
1028 697 1147 735 focis.

140 755 194 793 Te
229 760 445 793 memorant
477 755 607 806 Gange
641 761 800 806 totoque
833 758 984 794 oriente
1018 755 1179 794 subacto

53 821 119 852 730
199 813 394 852 Primitias
426 826 566 864 magno
598 815 821 864 seposuisse
853 814 959 852 Iovi.

139 871 325 910 Cinnama
357 878 399 911 tu
432 874 582 922 primus
615 874 842 922 captivaque
874 878 961 910 tura
995 871 1135 910 dedisti

198 930 330 980 Deque
364 930 603 980 triumphato
636 931 787 968 viscera
819 936 918 968 tosta
951 930 1070 969 bove.

138 988 300 1027 Nomine
334 988 380 1027 ab
414 990 585 1027 auctoris
618 988 766 1027 ducunt
797 988 980 1027 libamina
1013 1001 1154 1027 nomen

196 1046 368 1097 Libaque
388 1079 398 1099 ,
431 1047 535 1098 quod
568 1048 689 1086 sacris
721 1059 810 1098 pars
843 1047 957 1086 datur
990 1047 1079 1085 inde
1113 1047 1230 1086 focis.

53 1113 118 1145 735
140 1104 233 1144 Liba
266 1105 338 1144 deo
371 1106 469 1144 fiunt
488 1137 498 1157 ,
531 1107 636 1144 sucis
669 1108 758 1156 quia
791 1105 971 1144 dulcibus
1004 1106 1105 1143 idem

197 1164 377 1216 Gaudet,
409 1169 448 1202 et
479 1176 498 1202 a
531 1164 681 1202 Baccho
715 1164 828 1202 mella
860 1170 1015 1215 reperta
1049 1164 1203 1203 serunt.

138 1222 222 1261 Ibat
253 1222 446 1260 harenoso
480 1224 620 1273 satyris
653 1224 858 1261 comitatus
892 1222 938 1261 ab
972 1222 1126 1274 Hebro,
1158 1245 1204 1250 —

196 1280 282 1319 Non
314 1280 431 1320 habet
462 1282 636 1332 ingratos
669 1281 796 1319 fabula
829 1287 960 1320 nostra
993 1283 1100 1319 iocos
1132 1303 1178 1308 —

138 1339 296 1391 lamque
330 1345 414 1378 erat
445 1340 491 1378 ad
524 1339 739 1390 Rhodopen
771 1340 1025 1391 Pangaeaque
1059 1339 1195 1378 florida

866 1405 1049 1449 ventum,

51 1465 117 1497 740
197 1457 395 1496 Aeriferae
429 1458 615 1496 comitum
649 1469 916 1509 concrepuere
949 1469 1110 1496 manus.

137 1515 239 1555 Ecce
272 1528 392 1554 novae
426 1521 569 1554 coeunt
602 1515 779 1554 volucres
812 1515 1019 1554 tinnitibus
1052 1521 1182 1566 actae,

197 1575 383 1626 Quosque
416 1580 573 1613 movent
605 1576 757 1613 sonitus
790 1587 906 1626 aera,
941 1580 1162 1625 sequuntur
1195 1586 1307 1626 apes„

138 1632 292 1683 Colligit
324 1639 501 1672 errantes
534 1638 573 1672 et
603 1634 644 1672 in
676 1633 816 1672 arbore
848 1633 994 1672 claudit
1026 1634 1132 1672 inani

197 1691 343 1743 Liber,
376 1696 415 1730 et
446 1693 595 1730 inventi
626 1693 798 1742 praemia
830 1691 955 1730 mellis
987 1691 1127 1731 habet.

53 1757 118 1790 745
139 1749 189 1789 Ut
221 1752 339 1802 satyri
371 1750 545 1801 levisque
579 1762 699 1789 senex
731 1752 894 1801 tetigere
928 1762 1130 1802 saporem,

198 1808 447 1854 Quaerebant
478 1809 595 1847 ssavos
628 1821 699 1859 per
730 1821 869 1848 nemus
902 1821 1015 1847 omne
1049 1809 1183 1848 favos.

138 1867 256 1906 Audit.
288 1869 327 1906 in
360 1879 475 1906 exesa
508 1867 717 1906 stridorem
750 1869 938 1906 examinis
971 1867 1101 1919 ulmo,

196 1927 347 1977 Aspicit
379 1931 417 1965 et
449 1938 559 1965 ceras
592 1925 890 1976 dissimulatque
924 1938 1066 1978 senex3

138 1983 265 2035 thue
298 1986 407 2036 piger
439 1985 556 2035 pandi
588 1990 697 2036 tergo
731 1984 928 2023 residebat
959 1984 1090 2036 aselli,

53 2051 117 2082 750
196 2043 373 2094 Applicat
404 2043 509 2082 hunc
541 2043 646 2082 ulmo
679 2043 971 2094 corticibusque
1004 2045 1130 2083 cavis.

139 2101 323 2140 Constitit
354 2103 437 2153 ipse
470 2114 590 2153 super
622 2114 774 2141 ramoso
808 2103 940 2153 stipite
973 2103 1113 2154 nixus,

198 2160 323 2211 Atque
356 2161 464 2199 avide
498 2166 638 2200 trunco
672 2161 826 2200 condita
859 2161 970 2199 mella
1003 2162 1124 2212 petit.

138 2218 239 2257 Milia
273 2218 509 2258 crabronum
541 2225 712 2271 coeunt,
746 2225 785 2258 et
816 2221 963 2258 vertice
995 2219 1100 2258 nudo

199 2277 355 2329 Spicula
387 2278 590 2330 defigunt,
622 2291 767 2330 oraque
801 2279 897 2317 sima
930 2283 1089 2318 notant.
