1575 2489
631 59 690 92 IV.
719 60 844 92 1—71.
1321 56 1407 97 285

124 174 167 206 35
187 167 392 205 Proximus
425 166 644 218 Anchises,
677 178 764 205 cum
798 177 875 217 quo
909 177 1113 204 commune
1147 166 1321 216 parentis

246 225 331 263 Non
363 224 567 275 dedignata
600 231 660 264 est
691 236 832 263 nomen
864 223 1009 262 habere
1042 223 1194 263 Venus.

188 283 286 321 Hinc
319 288 425 322 satus
458 284 637 334 Aeneas,
668 284 792 334 pietas
824 287 997 334 spectata
1028 294 1099 333 per
1131 284 1266 334 ignes,

247 341 364 380 Sacra
396 347 625 392 patremque
658 343 805 380 umeris
824 372 835 393 ,
867 341 988 379 altera
1020 352 1129 379 sacra
1146 371 1157 393 ,
1191 340 1302 379 tulit.

187 399 372 438 Venimus
405 400 452 438 ad
484 399 574 438 felix
607 399 813 450 aliquando
846 411 988 438 nomen
1021 398 1116 450 Iuli,

124 466 169 497 40
249 457 357 497 Unde
390 458 528 497 domus
561 458 735 497 Teucros
766 458 862 497 Iulia
894 459 1019 508 tangit
1050 469 1162 496 avos.

187 516 398 555 Postumus
431 517 552 569 hinc,
591 518 658 568 qui
691 516 793 568 quod
827 516 931 555 silvis
969 516 1043 555 fuit
1075 521 1185 555 ortus
1225 517 1264 554 in
1297 515 1408 568 altis,

248 575 390 614 Silvius
422 577 462 614 in
495 575 601 614 Latia
633 581 747 626 gente
781 580 940 613 vocatus
973 580 1078 613 erat.

189 633 332 685 Isque,
365 633 529 686 Latine,
562 633 633 673 tibi
664 639 774 685 pater
807 639 895 672 est.
952 632 1058 672 subit
1083 632 1178 671 Alba
1208 632 1408 672 Latinum:

247 691 452 731 Proximus
485 699 545 731 est
578 692 701 731 titulis
733 691 883 744 Epytus
903 723 913 743 ‚
945 691 1068 743 Alba,
1102 693 1202 730 tuis.

125 757 169 789 45
190 749 256 789 llle
290 750 396 789 dedit
427 750 546 802 Capyi
577 751 746 790 recidiva
779 749 963 789 vocabula
995 750 1133 788 Troiae

249 808 298 848 Et
329 814 421 848 tuus
454 815 513 848 est
544 809 677 861 idem,
709 808 894 860 Calpete,
927 808 1053 846 factus
1086 819 1203 847 avus.

190 867 364 919 Cumque
391 869 513 919 patris
546 879 711 918 regnum
737 872 826 918 post
850 866 955 905 hunc
981 865 1192 905 Tiberinus
1225 865 1408 918 liaberet,

247 926 402 964 Dicitur
434 928 473 964 in
505 925 655 964 Tuscae
689 926 842 976 gurgite
874 936 1028 963 mersus
1061 936 1206 975 aquae.

189 983 267 1022 Iam
299 989 428 1023 tamen
460 984 658 1035 Agrippan
690 989 824 1022 natum
856 982 1142 1034 Remulumque
1176 988 1357 1034 nepotem

127 1049 170 1081 50
250 1041 435 1082 Viderat.
492 1044 531 1081 in
564 1042 772 1081 Remulum
805 1042 967 1080 fulmina
999 1043 1116 1080 missa
1148 1042 1302 1080 ferunt.

190 1099 303 1139 Venit
334 1101 548 1140 Aventinus
579 1107 668 1153 post
698 1100 770 1139 hos
789 1131 799 1151 ,
832 1100 941 1139 locus
973 1100 1077 1138 unde
1110 1106 1293 1152 vocatur,

248 1159 358 1198 Mons
391 1172 575 1211 quoque.
631 1165 722 1211 post
757 1159 867 1198 illum
905 1159 1046 1198 tradita
1087 1170 1208 1209 regna
1240 1159 1409 1198 Procae.

190 1217 315 1263 Quem
347 1220 527 1269 seqnitur
559 1218 648 1257 duri
679 1217 858 1257 Numitor
889 1229 1098 1269 germanus
1130 1217 1280 1257 Amuli.

249 1276 315 1315 Ilia
348 1289 437 1315 cum
469 1276 595 1316 Lauso
629 1276 675 1315 de
707 1276 911 1315 Numitore
944 1277 1041 1315 sati.

127 1342 170 1373 55
190 1334 293 1373 Ense
326 1335 429 1374 cadit
460 1341 598 1386 patruo
631 1335 782 1374 Lausus
803 1366 811 1374 .
866 1334 994 1386 placet
1025 1334 1093 1373 llia
1125 1333 1263 1385 Marti,

249 1393 382 1445 Teque
414 1395 544 1445 parit,
577 1395 730 1445 gemino
763 1395 896 1432 iuncte
929 1392 1092 1438 Quirine
1126 1392 1268 1431 Remo.

190 1451 256 1490 Ille
289 1464 380 1491 suos
413 1464 567 1503 semper
599 1451 790 1491 Venerem
821 1452 1063 1502 Martemque
1095 1457 1278 1502 parentes

250 1510 380 1563 Dixit,
413 1517 452 1550 et
483 1512 652 1550 emeruit
682 1512 788 1549 vocis
820 1509 965 1549 habere
997 1509 1141 1549 fidem:

190 1568 293 1608 Neve
327 1572 502 1609 secuturi
534 1575 696 1620 possent
726 1570 880 1608 nescire
912 1573 1099 1620 nepotes,

129 1636 171 1666 60
250 1627 443 1679 Tempora
475 1628 533 1667 dis
566 1629 721 1680 generis
754 1629 979 1667 continuata
1011 1627 1139 1666 dedit.

192 1686 268 1725 Sed
301 1686 462 1726 Veneris
493 1698 668 1726 mensem
700 1686 815 1726 Graio
847 1698 1029 1725 sermone
1060 1690 1236 1724 notatum

248 1745 459 1797 Augur0r3
492 1758 513 1784 a
544 1747 693 1797 spumis
726 1750 786 1784 est
817 1744 888 1784 dea
920 1744 1023 1784 dicta
1054 1745 1198 1783 maris.

191 1803 374 1857 Necrtibi
406 1805 456 1843 sit
489 1805 631 1842 mirum
663 1803 811 1843 Graeco
843 1815 928 1842 rem
960 1804 1115 1842 nomine
1149 1802 1250 1855 dici;
1336 1812 1410 1844 (116)

249 1861 342 1901 Itala
373 1874 462 1901 nam
494 1862 609 1901 tellus
642 1862 803 1901 Graecia
833 1863 956 1901 maior
988 1867 1098 1900 erat.

129 1928 171 1960 65
192 1920 358 1960 Venerat
389 1920 568 1960 Evander
599 1920 713 1973 plena
744 1933 834 1960 cum
867 1920 990 1959 classe
1022 1931 1208 1959 suorum:

250 1978 417 2019 Venerat
447 1979 600 2019 Alcides
620 2011 630 2031 ,
662 1979 802 2018 Graius
834 1985 1001 2030 uterque
1035 1990 1181 2030 genus.

192 2037 342 2089 Hospes
374 2038 575 2078 Aventinis
608 2044 828 2077 armentum
860 2039 964 2089 pavit
994 2038 1034 2075 in
1067 2036 1200 2075 herbis

251 2096 454 2150 claviger,
486 2103 525 2136 et
556 2102 662 2136 tanto
696 2103 755 2136 est
786 2096 923 2135 Albula
955 2102 1044 2147 pota
1077 2096 1172 2135 deo.

192 2154 276 2194 Dux
309 2168 464 2206 quoque
496 2155 699 2208 Neritius3
732 2161 853 2194 testes
886 2154 1169 2206 Laestrygones
1203 2159 1334 2192 extant

129 2221 172 2253 70
251 2213 300 2252 Et
332 2214 436 2266 quod
468 2214 593 2253 adhuc
627 2214 758 2253 Circes
791 2214 948 2252 nomina
980 2213 1071 2252 litus
1105 2212 1244 2252 habet.

191 2270 241 2311 Et
270 2273 347 2311 iam
378 2273 593 2324 Telegoni,
624 2274 701 2312 iam
734 2274 886 2312 moenia
917 2271 1076 2310 Tiburis
1107 2270 1175 2310 udi
