1575 2489
548 75 593 106 11.
621 76 734 107 422-
755 75 834 107 493.
1272 71 1356 111 247

144 181 197 220 Te
225 185 443 220 memorant
468 181 706 232 fratremque
734 187 844 220 tuum
871 203 913 207 —
935 192 1023 219 nam
1050 182 1182 220 iuncta
1208 181 1359 219 micatis

57 248 123 279 460
205 239 322 290 Signa
352 262 399 267 —
430 239 527 277 duos
559 245 669 289 tergo
702 240 936 278 sustinuisse
969 238 1086 278 deos.

143 297 374 336 Terribilem
407 297 601 348 quondam
634 298 787 348 fugiens
819 296 1005 348 Typhona
1037 296 1181 348 Dione,

202 356 312 394 Tunc
345 367 434 395 cum
466 367 536 406 pro
570 355 676 394 caelo
709 356 883 407 Iuppiter
915 367 1020 393 arma
1051 355 1163 407 tulit,

143 413 256 452 Venit
288 413 333 452 ad
366 413 592 464 Euphraten
624 415 804 452 comitata
838 413 1026 464 Cupidine
1058 425 1201 464 parm,

201 472 323 522 Inque
354 471 592 511 Palaestinae
624 473 798 523 margine
831 471 931 510 sedit
962 483 1107 523 aquae.

55 538 122 569 465
143 530 315 581 Populus
348 535 387 569 et
418 542 563 568 cannae
595 531 769 581 riparum
801 542 951 569 summa
982 529 1190 581 tenebant,

202 588 396 639 Spemque
430 587 569 627 dabant
601 588 737 627 salices
756 620 766 640 ‚
797 588 869 627 hos
902 600 1058 640 quoque
1090 599 1205 640 posse
1237 588 1338 639 tegi.

143 646 241 685 Dum
273 646 395 698 latet,
427 648 601 685 insonuit
632 653 746 686 vento
779 658 940 685 nemus.
996 646 1060 685 illa
1091 648 1230 685 timore

202 704 351 756 Pallet,
383 710 422 743 et
453 705 614 743 hostiles
647 704 772 744 credit
803 705 938 744 adesse
970 716 1130 743 manus.

144 762 270 813 thue
303 764 391 802 sinu
423 765 548 802 tenuit
581 768 741 814 natum,
776 759 1046 814 ‘succurrite5
1083 761 1298 814 nymphae,

55 828 124 860 470
204 820 253 860 Et
284 820 343 859 dis
375 821 561 860 auxilium
593 822 691 860 ferte
724 817 920 859 duobusl'
954 821 1028 859 ait.

143 878 223 917 Nec
255 891 391 930 mora,
422 879 630 930 prosiluit.
687 880 815 929 pisces
847 877 1003 917 subiere
1035 877 1211 929 gemelli:

202 937 278 975 Pro
312 949 388 987 quo
421 949 526 975 nunc
558 938 666 975 cerni
699 937 826 975 sidera
858 948 1000 975 munus
1031 936 1198 976 habent.

141 994 234 1033 Inde
267 996 376 1033 nefas
408 995 557 1034 ducunt
588 1007 711 1046 genus
743 995 817 1033 hoc
849 996 1050 1046 imponere
1083 996 1252 1047 mensis,

198 1052 279 1091 Nec
310 1053 454 1092 violant
486 1053 611 1092 timidi
642 1053 817 1104 piscibus
849 1065 917 1091 ora
950 1053 1060 1104 Syri.

317 1144 381 1186 16.
413 1143 450 1185 G
481 1143 568 1185 EN
632 1145 697 1185 17.
729 1144 771 1185 Η
803 1142 1053 1192 QVIR-1⁸1³

53 1234 120 1267 475
140 1226 320 1266 Proxima
352 1228 417 1266 lux
449 1240 567 1267 vacua
600 1234 687 1267 est.
744 1234 783 1266 at
813 1229 928 1267 tertia
960 1227 1062 1266 dicta
1095 1227 1281 1272 Quirino.

200 1285 274 1331 Qui
306 1292 413 1324 tenet
444 1286 517 1324 hoc
549 1298 691 1325 nomen
710 1317 721 1338 ,
753 1285 942 1325 Romulus
975 1291 1064 1324 ante
1096 1285 1192 1324 fuit:

142 1343 229 1382 Sive
262 1344 364 1394 quod
397 1344 506 1383 hasta
538 1346 643 1383 curis
675 1346 815 1396 priscis
848 1350 908 1383 est
939 1344 1040 1382 dicta
1073 1342 1250 1396 Sabinis,

199 1402 367 1441 Bellicus
399 1414 420 1440 a
452 1402 528 1441 telo
560 1404 665 1441 venit
697 1404 736 1441 in
770 1408 870 1441 astra
905 1402 1024 1441 deus:

141 1460 229 1498 Sive
262 1472 332 1499 suo
365 1462 447 1511 regi
478 1472 620 1499 nomen
652 1473 820 1511 posuere
853 1460 1048 1505 Quirites:

54 1526 121 1558 480
202 1518 279 1557 Seu
312 1520 402 1569 quia
433 1518 615 1557 Romanis
648 1520 829 1557 iunxerat
860 1518 923 1557 ille
957 1518 1103 1557 Cures.

140 1576 235 1615 Nam
267 1582 377 1628 pater
409 1579 646 1628 armipotens
678 1584 885 1628 postquam
923 1589 1019 1615 nova
1054 1577 1206 1616 moenia
1238 1576 1355 1630 vidit,

198 1635 394 1686 Multaque
427 1635 612 1674 Romulea
644 1635 743 1674 bella
774 1641 931 1686 peracta
963 1647 1102 1686 manu,

140 1690 385 1745 ‘Iuppiter‚'
418 1695 546 1744 inquit
577 1690 715 1732 ehabet
746 1693 917 1732 Romana
948 1695 1122 1744 potentia
1154 1694 1279 1734 vires;

200 1752 407 1801 Sanguinis
439 1752 566 1790 officio
599 1764 677 1790 non
711 1758 798 1803 eget
828 1752 891 1790 illa
923 1753 1022 1790 mei.

51 1817 119 1849 485
151 1809 284 1848 Redde
315 1811 417 1860 patri
448 1816 580 1848 natum
602 1840 610 1848 .
668 1811 842 1860 quamvis
875 1810 1075 1849 intercidit
1106 1809 1226 1862 alter,

199 1867 274 1906 Pro
307 1880 347 1906 se
380 1880 530 1919 proque
561 1867 681 1906 Remo
715 1870 781 1918 qui
814 1868 908 1906 mihi
939 1874 1089 1919 restat,
1123 1870 1219 1907 erit.

140 1922 287 1964 “Unus
321 1928 422 1977 erit,
455 1939 571 1977 quem
603 1932 646 1964 tu
678 1926 789 1965 tolles
821 1927 860 1964 in
894 1926 1048 1965 caerula
1080 1922 1212 1965 caeli'’

198 1983 257 2023 Tu
289 1984 384 2023 mihi
416 1985 571 2024 dixisti:
616 1986 694 2023 sint
726 1990 807 2023 rata
840 1984 941 2022 dicta
972 1980 1118 2023 Iovis.'

138 2042 313 2094 Iuppiter
345 2048 561 2082 annuerat.
618 2049 716 2082 nutu
748 2043 1000 2081 tremefactus
1032 2049 1198 2094 uterque

52 2108 119 2140 490
197 2100 267 2139 Est
297 2101 409 2152 polus
428 2133 439 2153 ‚
472 2107 510 2140 et
542 2101 637 2140 caeli
668 2101 840 2153 pondera
872 2102 991 2140 movit
1021 2101 1151 2142 Atlas.

138 2158 208 2198 Est
238 2159 348 2198 locus
367 2190 378 2211 ‚
409 2161 558 2210 antiqui
590 2159 760 2211 Capreae
792 2159 925 2198 dixere
956 2159 1160 2210 paludem:

197 2217 314 2256 Forte
346 2219 424 2256 tuis
455 2218 532 2256 illic
551 2249 561 2269 ,
594 2217 757 2257 Romule
776 2250 786 2270 ‚
819 2219 904 2257 iura
936 2217 1075 2257 dabas.

140 2274 205 2314 Sol
238 2276 363 2328 fugit,
396 2281 435 2315 et
466 2283 668 2316 removent
700 2275 909 2316 subeuntia
940 2275 1072 2315 nubila
1105 2275 1277 2327 caelum,
