1601 2484
565 73 591 105 1.
619 80 645 105 v
667 74 802 105 16—v1
822 75 854 105 52.
1327 73 1378 114 13

165 179 206 218 Si
237 191 310 218 vox
340 179 557 231 infragilis,
591 185 729 230 pectus
761 180 855 218 mihi
886 181 1037 219 firmius
1069 193 1181 233 aere,

163 237 356 288 Pluraque
390 250 477 276 cum
510 237 651 288 linguis
682 237 860 288 pluribus
893 250 960 276 ora
991 239 1143 291 forent,

100 303 142 333 55
164 294 248 333 Non
280 301 409 334 tamen
440 295 587 334 idcirco
620 296 902 347 complecterer
934 298 1062 335 onmia
1094 296 1246 345 verbis,

163 353 322 392 Materia
353 355 455 392 vires
488 360 746 404 exsuperante
781 367 907 393 meas.

162 411 239 449 Pro
271 412 369 450 duce
401 412 549 450 Neritio
582 411 686 450 docti
717 412 814 450 mala
847 419 980 451 nostra
1010 419 1147 464 poetae

165 469 361 509 Scribite:
392 470 541 508 Neritio
573 482 661 508 nam
694 470 791 508 mala
822 471 934 521 plura
967 471 1060 510 tuli.

162 526 228 566 Ille
260 527 369 566 brevi
401 530 524 578 spatio
557 528 688 567 multis
722 530 867 567 erravit
896 531 935 567 in
969 531 1080 567 annis

99 595 141 625 60
162 585 268 624 Inter
299 585 495 624 Dulichias
526 586 738 637 Iliacasque
771 587 930 626 domos:

163 643 241 682 Nos
274 645 373 682 freta
405 645 599 683 sideribus
632 647 723 683 totis
755 644 936 683 distantia
967 657 1124 683 mensos

161 701 191 753 †
222 702 368 741 Detulit
400 705 438 741 in
472 702 626 741 Geticos
660 702 972 753 Sarmaticosque
1006 705 1138 742 sinus.

161 761 227 799 Ille
260 760 395 799 habuit
426 762 616 811 fidamque
650 773 806 799 manum
839 763 1045 812 sociosque
1077 761 1236 801 fideles:

161 819 220 857 Me
253 820 461 869 profugum
495 820 656 857 comites
689 819 899 857 deseruere
932 821 1031 858 mei.

100 887 141 916 05
162 877 228 915 1116
255 889 365 915 suam
397 877 520 916 laetus
552 878 716 927 patriam
748 878 950 927 victorque
985 877 1166 928 petebat:

161 937 191 974 A
222 937 346 986 patria
377 935 459 985 fugi
490 937 615 974 victus
649 941 687 974 et
719 935 807 974 exul
840 947 910 986 ego
929 967 937 974 .

161 994 239 1032 Nec
271 993 365 1032 mihi
396 993 616 1032 Dulichium
648 993 786 1031 domus
819 1000 878 1032 est
908 993 1086 1032 Ithaceve
1120 994 1329 1047 Samosve,

161 1052 287 1090 Poena
320 1051 462 1102 quibus
493 1064 571 1090 non
603 1058 663 1090 est
694 1052 850 1102 grandis
884 1052 1019 1091 abesse
1052 1052 1171 1104 locis,

163 1111 238 1149 Sed
271 1122 368 1161 quae
400 1110 447 1149 de
479 1116 628 1161 septem
661 1116 784 1149 totum
818 1111 1086 1161 circumspicit
1117 1111 1251 1150 orbem

100 1177 142 1208 70
162 1169 359 1207 Montibus
378 1200 388 1220 ‚
419 1170 574 1219 imperii
604 1167 726 1206 Roma
758 1169 952 1219 deumque
985 1169 1118 1208 locus.

161 1227 220 1265 Illi
250 1239 392 1276 corpus
425 1232 509 1265 erat
539 1226 681 1264 durum
712 1228 942 1277 patiensque
974 1227 1174 1267 laborum:

164 1285 353 1323 Invalidae
385 1286 487 1322 vires
518 1286 786 1335 ingenuaeque
818 1285 934 1323 mihi.

162 1343 226 1381 1116
259 1349 342 1381 erat
373 1342 527 1381 assidue
559 1345 683 1381 saevis
715 1344 880 1393 agitatus
912 1345 952 1382 in
984 1345 1126 1382 armis:

160 1401 356 1439 Adsuetus
388 1401 526 1439 studiis
558 1400 740 1439 mollibus
771 1403 854 1452 ipse
888 1402 965 1439 sui.

99 1468 140 1499 75
162 1459 220 1497 Me
253 1459 349 1497 deus
381 1460 604 1510 oppressit,
636 1459 742 1497 nullo
775 1459 872 1497 mala
904 1466 1036 1498 nostra
1068 1459 1242 1498 levante:

160 1517 343 1556 Bellatrix
374 1517 429 1556 illi
460 1517 545 1555 diva
577 1517 727 1555 ferebat
758 1530 896 1568 opem.

160 1575 334 1626 Cumque
361 1577 489 1614 minor
514 1575 602 1613 Iove
629 1577 701 1627 sit,
728 1576 886 1614 tumidis
913 1578 980 1626 qui
1009 1581 1147 1626 regnat
1172 1577 1212 1614 in
1238 1575 1376 1628 undis,

159 1634 271 1673 Illum
302 1633 501 1685 Neptuni,
534 1645 596 1672 me
627 1633 727 1672 Iovis
759 1636 817 1672 ira
848 1636 1014 1685 premit.

159 1693 265 1731 Adde
284 1724 294 1744 ,
328 1692 430 1743 quod
462 1691 565 1731 illius
596 1704 686 1742 pars
718 1694 882 1730 maxima
914 1693 1002 1731 ficta
1035 1692 1235 1745 laborunr.

96 1759 140 1790 80
159 1751 324 1790 Ponitur
354 1753 392 1789 in
427 1752 571 1789 nostris
605 1750 732 1789 fabula
764 1751 868 1789 nulla
903 1751 1036 1790 malis.

157 1809 333 1860 Denique
366 1811 561 1859 quaesitos
594 1810 720 1859 tetigit
751 1815 881 1847 tamen
919 1809 983 1847 ille
1015 1816 1200 1861 penates,

159 1868 345 1918 Quaeque
377 1867 442 1906 diu
474 1868 615 1919 petiit,
648 1869 811 1918 contigit
842 1879 931 1906 arva
962 1873 1118 1907 tamen:

158 1928 206 1965 At
237 1926 333 1965 mihi
363 1931 554 1977 perpetuo
587 1927 710 1976 patria
741 1925 881 1964 tellure
914 1926 1125 1965 carendum
1159 1933 1240 1977 est,

157 1985 206 2024 Ni
237 1986 355 2024 fuerit
386 1985 481 2023 laesi
511 1984 663 2022 mollior
695 1986 752 2023 ira
785 1984 858 2023 dei.

664 2113 742 2161 VI.

156 2219 236 2258 Nec
269 2225 420 2258 tantum
452 2219 578 2258 Clario
610 2218 714 2270 Lyde
748 2219 886 2258 dilecta
918 2224 1076 2269 poetae,

156 2277 235 2317 Nec
268 2283 419 2316 tantum
452 2277 530 2316 Coo
562 2277 676 2316 Bittis
708 2283 831 2315 amata
864 2289 934 2315 suo
968 2282 1044 2327 est,
