1575 2489
474 82 535 116 IV.
561 90 640 115 xm
661 84 851 116 36—-X1111
871 83 926 115 53.
1285 78 1370 119 209

155 190 256 241 Ergo
290 202 359 241 ego
393 189 552 228 cessabo
585 201 797 240 numquam
828 201 899 240 per
931 190 1102 228 carmina
1133 187 1259 239 laedi,

212 248 366 287 Plectar
399 253 438 286 et
468 249 624 286 incauto
658 260 811 299 semper
844 246 890 285 ab
923 244 1114 297 ingenio?

155 306 257 357 Ergo
290 318 390 357 ego,
421 317 470 344 ne
503 306 671 344 scribam
690 337 701 357 ,
733 306 874 356 digitos
906 305 1079 343 incidere
1113 309 1300 354 cunctor,

92 373 138 404 20
217 364 386 414 Telaque
419 363 544 402 adhuc
576 364 766 416 demens,
798 375 897 414 quae
929 375 1100 402 nocuere
1119 394 1130 414 ,
1163 359 1344 413 sequor?

157 422 213 460 Ad
244 427 398 460 veteres
430 422 612 473 scopulos
644 423 787 461 iterum
820 422 1002 460 devertor
1034 427 1073 460 et
1104 421 1211 472 illas,

215 480 258 518 In
291 479 434 530 quihus
465 480 627 519 offendit
658 481 844 530 naufraga
875 481 1046 531 puppis,
1079 476 1233 530 aquas?

158 537 233 576 Sed
266 537 362 576 nihil
394 537 561 577 admisi:
607 538 711 576 nulla
745 544 804 576 est
835 550 919 576 mea
952 537 1093 590 culpa,
1125 537 1323 587 Tomitae,

217 596 323 641 Quos
356 608 456 648 ego,
489 609 578 635 cum
610 596 693 635 loca
725 598 798 634 sim
829 602 960 634 vestra
990 608 1156 647 perosus
1175 626 1186 647 ,
1218 606 1326 633 amo.

93 662 136 694 25
160 653 333 699 Quilibet
365 656 536 693 excutiat
567 656 693 694 nostri
724 656 961 693 monimenta
992 654 1164 693 laboris:

215 711 363 750 Littera
395 713 442 751 de
477 712 583 751 vobis
616 717 675 752 est
706 724 791 751 mea
824 717 961 763 questa
992 712 1111 750 nihil.

159 771 298 821 Frigus
332 776 370 809 et
402 772 587 810 incursus
619 772 724 809 omni
755 770 802 808 de
834 775 945 820 parte
977 770 1170 808 timendos

216 828 267 866 Et
299 828 402 879 quod
433 829 613 880 pulsetur
644 841 781 867 murus
814 827 860 866 ab
892 828 1033 879 hoste,
1066 839 1234 878 queror.

157 886 202 925 ln
233 886 346 937 loca,
379 898 456 925 non
488 887 695 938 homines,
727 887 929 925 verissima
961 887 1124 924 crimina
1156 885 1257 924 dixi.

97 953 141 984 30
221 943 394 995 Culpatis
427 950 601 984 vestrum
632 956 699 983 vos
733 956 888 995 quoque
921 956 1035 996 saepe
1069 944 1216 983 solum.

159 1001 273 1041 Esset
303 1008 495 1053 perpetuo
529 1014 596 1042 sua
630 1015 746 1054 quam
776 1002 945 1041 vitabilis
977 1003 1123 1054 Ascre,
1303 1010 1376 1041 (141)

218 1061 321 1099 Ausa
354 1067 414 1100 est
445 1061 634 1112 agricolae
667 1060 777 1099 Musa
809 1060 950 1099 docere
983 1062 1112 1113 senis,

161 1118 210 1157 Et
242 1119 370 1157 fuerat
401 1121 555 1170 genitus
587 1125 722 1171 terra,
756 1120 823 1170 qui
855 1120 1041 1171 scripsit,
1072 1121 1113 1158 in
1145 1118 1230 1158 illa:

218 1176 408 1216 Intumuit
438 1179 515 1216 vati
546 1190 618 1216 nec
650 1183 779 1216 tamen
810 1177 931 1216 Ascra
963 1189 1056 1216 suo.

96 1244 140 1276 35
163 1235 258 1281 Quis
290 1236 456 1286 patriam
488 1235 645 1275 sollerte
677 1237 800 1286 magis
832 1235 967 1274 dilexit
997 1233 1142 1274 Ulixe?

219 1293 301 1332 Hoc
334 1299 463 1332 tamen
495 1295 684 1345 asperitas
715 1293 844 1332 indice
876 1299 966 1332 nota
997 1293 1072 1332 loci
1104 1299 1187 1332 est.

160 1352 246 1390 Non
276 1351 384 1403 loca,
423 1352 491 1391 sed
523 1364 653 1391 mores
685 1354 843 1403 scriptis
877 1354 1026 1390 vexavit
1057 1353 1197 1391 amaris

222 1410 407 1460 Scepsius
439 1411 663 1462 Ausonios,
695 1416 857 1461 actaque
890 1410 1011 1448 Roma
1042 1423 1109 1448 rea
1142 1416 1223 1449 est:

163 1468 271 1507 Falsa
304 1474 433 1507 tamen
465 1481 578 1519 passa
611 1474 671 1507 est
701 1481 822 1519 aequa
855 1470 1028 1507 convicia
1059 1474 1213 1521 mente,

98 1535 142 1566 40
204 1526 339 1565 Ohfuit
370 1528 521 1565 auctori
552 1539 625 1565 nec
657 1527 739 1565 fera
770 1526 901 1577 lingua
934 1538 1027 1565 suo.

156 1585 210 1637 (At
242 1584 364 1623 malus
396 1586 593 1636 interpres
624 1585 759 1636 populi
790 1585 885 1623 mihi
917 1586 1086 1624 concitat
1118 1587 1238 1637 iram,

220 1642 342 1693 Inque
374 1655 518 1682 novum
551 1644 700 1682 crimen
733 1645 904 1682 carmina
935 1650 1069 1682 nostra
1100 1649 1233 1682 vocat.

162 1701 256 1740 Tam
288 1701 380 1740 felix
411 1703 588 1754 utinam,
622 1714 737 1753 quam
769 1707 929 1753 pectore
962 1702 1150 1741 candidus
1183 1701 1332 1741 essem!

221 1759 337 1797 Extat
367 1759 492 1798 adhuc
524 1772 638 1798 nemo
672 1762 827 1799 saucius
860 1773 926 1799 ore
959 1773 1068 1800 meo.

100 1826 143 1857 45
164 1818 300 1870 Adde,
333 1818 436 1869 quod
469 1817 618 1869 Illyrica
653 1821 685 1857 si
716 1820 791 1857 iam
822 1820 908 1870 pice
941 1821 1091 1869 nigrior
1124 1831 1274 1871 essem,

222 1876 308 1914 Non
340 1876 553 1915 mordenda
585 1877 681 1914 mihi
712 1877 826 1915 turba
858 1877 982 1915 fidelis
1015 1883 1121 1916 erat.

164 1934 330 1973 Molliter
362 1947 383 1973 a
415 1935 522 1973 vobis
555 1947 639 1973 mea
672 1947 757 1973 sors
790 1941 979 1986 excepta,
1012 1935 1209 1987 Tomitae,

222 1993 316 2031 Tam
348 1994 463 2032 mites
496 1993 631 2032 Graios
662 1994 808 2032 indicat
839 2005 925 2032 esse
957 1995 1083 2033 viros.

165 2051 268 2090 Gens
299 2063 384 2090 mea
415 2051 588 2103 Paeligni
618 2054 804 2102 regioque
838 2052 1049 2090 domestica
1083 2051 1216 2091 Sulmo

101 2117 145 2149 50
222 2109 307 2148 Non
337 2112 466 2160 potuit
496 2111 641 2149 nostris
673 2110 799 2149 lenior
831 2122 916 2149 esse
948 2110 1081 2149 malis.

166 2167 289 2213 Quem
320 2170 382 2206 vix
413 2168 600 2208 incolumi
633 2171 814 2220 cuiquam
846 2169 1029 2220 salvoque
1062 2168 1235 2221 daretis,

224 2226 260 2264 Is
293 2226 404 2265 datus
437 2240 458 2266 a
488 2227 597 2266 vobis
630 2234 690 2266 est
721 2227 816 2266 mihi
847 2239 974 2278 nuper
1005 2227 1152 2266 honor.

168 2284 280 2323 Solus
313 2284 438 2325 adhuc
470 2298 540 2337 ego
574 2299 663 2326 cum
694 2287 834 2325 vestris
866 2288 1036 2325 inmunis
1068 2288 1108 2325 in
1141 2287 1244 2338 oris,
1305 2295 1380 2325 (142)

118 2355 222 2382 ovn).
259 2357 315 2384 m.
1127 2356 1171 2386 14
