1575 2489
627 57 690 90 111.
718 58 913 90 826—884.
1355 54 1440 96 283

219 166 267 204 Et
299 177 410 205 soror
443 171 482 203 et
514 164 680 203 Phrixus
699 194 710 216 ,
742 164 856 203 velati
889 171 1065 215 tempora
1097 165 1226 215 vittis,

279 225 390 263 Stant
422 223 537 261 simul
570 229 658 262 ante
690 235 804 274 aras,
837 224 1047 274 iunctaque
1081 223 1156 261 fata
1189 229 1371 273 gemunt.

220 284 367 333 Aspicit
398 281 468 320 hos
488 312 498 332 ,
532 288 574 320 ut
606 282 706 321 forte
739 281 980 333 pependerat
1012 281 1200 333 aethere,
1234 286 1380 328 mater,

277 340 327 380 Et
358 341 450 379 ferit
482 342 644 379 attonita
675 346 836 391 pectora
868 339 972 379 nuda
1005 351 1146 378 manu:

132 409 198 440 865
230 400 353 451 Inque
385 399 685 449 draconigenam
717 399 860 438 nimbis
893 398 1170 437 comitantibus
1203 397 1342 437 urbem

278 457 442 505 Desilit,
476 464 514 496 et
545 463 656 496 natos
690 459 806 509 eripit
837 457 928 496 inde
962 469 1077 496 suos.

219 516 345 568 thue
379 517 508 567 sugam
541 518 722 567 capiant,
754 518 856 555 aries
888 516 1149 555 nitidissimus
1182 527 1277 554 auro

278 574 492 614 Traditur:
536 575 599 613 ille
632 575 737 614 vehit
769 587 839 625 per
871 575 970 614 freta
1002 575 1114 625 longa
1148 574 1269 613 duos.

219 633 370 672 Dicitur
402 634 555 672 infirma
588 645 711 672 cornu
744 635 918 672 tenuisse
951 635 1111 672 sinistra

132 701 199 733 870
278 693 466 744 Femina,
499 704 588 731 cum
621 692 668 731 de
700 704 741 731 se
774 694 931 731 nomina
964 693 1058 731 fecit
1089 704 1234 742 aquae.

219 751 347 790 Paene
380 751 496 790 simul
527 752 673 802 periit,
705 750 796 789 dum
830 751 909 789 volt
940 762 1175 789 succurrere
1207 750 1361 801 lapsae,

279 810 445 861 Frater,
478 815 517 848 et
548 815 724 848 extentas
756 810 923 859 porrigit
954 821 1079 860 usque
1111 820 1272 847 manus.

221 868 383 920 Flebat,
417 875 460 907 ut
491 869 631 906 amissa
663 868 808 918 gemini
841 873 1024 906 consorte
1056 867 1217 918 pericli,

278 926 466 965 Caeruleo
498 928 671 965 iunctam
704 927 862 964 nescius
895 937 982 964 esse
1015 925 1112 964 deo.

132 994 198 1026 875
220 985 419 1025 Litoribus
452 987 565 1024 tactis
598 986 698 1023 aries
731 985 775 1023 fit
806 984 944 1023 sidus:
989 991 1027 1023 at
1058 985 1176 1023 huius

278 1044 462 1084 Pervenit
492 1045 532 1082 in
565 1042 726 1082 Colchas
759 1055 876 1082 aurea
908 1043 994 1081 lana
1026 1043 1186 1081 domos.

303 1159 370 1200 24.
403 1157 435 1200 C
463 1157 790 1207 Q-REX·C·F
853 1157 920 1199 25.
952 1156 1034 1199 DC
1095 1158 1162 1199 26.
1195 1157 1272 1200 EC

222 1256 319 1294 Tres
352 1254 420 1293 ubi
451 1254 637 1293 luciferos
669 1256 830 1293 veniens
863 1256 1111 1305 praemiserit
1143 1253 1244 1306 Eos,

279 1314 472 1365 Tempora
504 1315 709 1352 nocturnis
741 1325 864 1364 aequa
897 1313 1037 1352 diurna
1070 1314 1196 1351 seres.

134 1429 199 1470 27.
232 1426 592 1470 FN³Hoc·D1E
633 1439 1407 1470 CAESAR-ALEXAND·RECEP1T

379 1487 447 1528 28.
481 1485 560 1528 GC
623 1487 690 1528 29.
723 1485 806 1527 HC
869 1487 936 1528 30.
971 1485 1173 1542 AC(N³)

223 1581 314 1621 lnde
348 1589 486 1633 quater
518 1589 651 1633 pastor
684 1588 838 1621 saturos
870 1581 936 1621 ubi
971 1581 1156 1621 clauserit
1187 1582 1356 1634 haedos,

134 1649 200 1681 880
280 1641 494 1680 Canuerint
526 1641 669 1680 herbae
703 1653 791 1680 rore
825 1647 984 1680 recente
1017 1647 1178 1693 quater,

223 1699 336 1738 lanus
368 1700 588 1739 adorandus
620 1712 789 1751 cumque
822 1699 895 1738 hoc
929 1698 1146 1738 Concordia
1179 1701 1284 1739 mitis
1370 1710 1445 1740 (113)

282 1759 332 1797 Et
364 1757 534 1797 Romana
569 1758 681 1797 Salus
713 1770 857 1809 araque
890 1758 1001 1797 Pacis
1035 1760 1132 1797 erit.

685 1873 751 1914 31.
787 1871 861 1915 CC

223 1970 331 2008 Luna
365 1970 465 2020 regit
497 1970 673 2008 mensis:
716 1968 833 2007 huius
867 1981 1023 2021 quoque
1057 1976 1232 2021 tempora
1265 1971 1411 2009 mensis

283 2027 386 2068 Finit
417 2030 608 2067 Aventino
642 2027 750 2066 Luna
784 2027 945 2067 colenda
977 2030 1090 2081 iugo.
