1575 2489
569 52 611 84 v.
638 53 833 85 540—612.
1284 49 1367 90 119

154 160 280 211 thue
312 172 433 211 nepos
465 159 661 211 Aethrae,
694 159 854 198 Veneris
889 160 1103 198 moriturus
1135 157 1184 196 ob
1216 158 1338 209 iram,

212 217 310 257 Exul
342 218 388 256 ab
421 219 594 256 attonitis
627 219 836 256 excutiaris
869 219 1002 268 equis.

152 276 318 327 Propter
349 288 443 327 opes
475 287 632 326 magnas
665 280 709 314 ut
741 276 910 326 perdidit
941 275 1083 327 hospes
1115 274 1337 326 alumnum,

66 342 134 374 580
213 334 353 373 Perdat
385 334 433 372 ob
466 335 624 384 exiguas
656 339 694 372 te
727 340 818 372 tuus
849 334 991 384 hospes
1023 345 1138 384 opeS.

154 391 279 443 thue
323 392 456 430 ferunt
500 403 633 430 caesos
677 404 744 430 sex
788 404 876 430 cum
922 391 1244 430 Damasichthone

877 450 1017 488 fratres
1037 481 1047 501 ,
1312 455 1368 488 (27)

212 508 383 547 Intereat
414 514 545 547 tecum
578 509 633 547 sic
665 520 789 559 genus
821 520 934 546 omne
965 513 1101 548 tuum.

155 565 310 605 Addidit
341 572 385 605 ut
416 567 556 605 fidicen
589 568 743 605 miseris
776 578 845 605 sua
876 567 1013 605 funera
1045 566 1168 613 natis,

213 624 277 663 Sic
310 624 380 663 tibi
413 626 491 663 sint
522 626 620 663 vitae
652 624 775 663 taedia
807 626 909 663 iusta
940 629 1052 663 tuae.

64 689 133 721 585
153 682 250 721 Utve
283 694 395 721 soror
426 683 581 734 Pelopis
600 714 610 734 ,
644 695 734 721 saxo
767 682 922 721 dureris
953 681 1116 733 oborto,

212 740 263 780 Et
293 740 420 780 laesus
453 741 582 790 lingua
613 740 748 779 Battus
781 740 827 778 ab
859 742 942 789 ipse
974 752 1066 778 sua.

154 799 252 838 Aera
285 801 318 837 si
350 800 468 838 misso
500 799 690 849 liquidum
722 797 940 837 iaculabere
973 797 1103 848 diseo,

213 857 297 901 Quo
329 869 428 908 puer
460 856 663 895 Oebalides
683 887 694 908 ,
724 858 826 895 ictus
859 856 904 894 ab
937 855 1031 894 orbe
1065 854 1201 893 cadas.

155 914 274 966 Siqua
305 927 376 966 per
407 915 577 954 alternos
609 914 827 965 pulsabitur
858 914 962 952 unda
993 914 1182 964 lacertos,

67 981 135 1012 590
215 973 349 1011 Omnis
381 972 563 1024 Abydena
595 975 645 1011 sit
677 973 747 1011 tibi
777 974 887 1023 peior
920 984 1040 1022 aqua.

156 1031 335 1070 Comicus
368 1037 411 1070 ut
442 1031 579 1070 mediis
611 1032 757 1082 periit,
789 1031 882 1069 dum
914 1030 1057 1082 nabat,
1089 1031 1128 1068 in
1161 1028 1300 1080 undis,

214 1089 263 1128 Et
293 1096 359 1128 tua
392 1090 448 1127 sic
481 1089 638 1140 Stygius
671 1089 886 1140 strangulet
918 1101 985 1127 ora
1016 1088 1166 1139 liquor.

156 1148 232 1186 Aut
262 1147 329 1186 ubi
360 1153 564 1186 ventosum
596 1149 793 1198 superaris
825 1147 1035 1197 naufragus
1068 1157 1238 1196 aequor,

216 1205 400 1244 Contacta
430 1217 567 1256 pereas
586 1236 597 1257 ,
629 1211 672 1244 ut
702 1205 940 1257 PalInurus,
972 1205 1112 1243 humo.

68 1272 137 1303 595
158 1264 286 1314 thue
320 1263 595 1302 cothurnatum
627 1269 753 1302 vatem
785 1263 905 1302 tutela
936 1263 1101 1313 Dianae,

218 1322 383 1361 Dilaniet
414 1322 573 1372 vigilum
605 1328 643 1360 te
676 1334 830 1373 quoque
862 1321 977 1360 turba
1009 1332 1170 1359 canum.

158 1382 233 1419 Aut
264 1386 308 1419 ut
339 1380 565 1419 Trinacrius
585 1411 595 1431 ,
628 1380 740 1418 salias
773 1392 891 1430 super
923 1392 990 1418 ora
1022 1379 1212 1430 gigantis,

216 1439 386 1477 Plurima
419 1450 493 1489 qua
525 1438 696 1477 flammas
730 1438 879 1476 Sicanis
911 1438 1034 1476 Aetna
1066 1438 1207 1475 vomit.

161 1497 429 1547 Diripiantque
461 1502 550 1536 tuos
582 1498 728 1535 insanis
760 1496 956 1546 unguibus
989 1501 1096 1534 artus

71 1563 138 1595 000
219 1555 461 1606 Strymoniae
493 1560 638 1593 matres
657 1586 668 1607 ‚
700 1554 877 1605 Orpheos
909 1566 994 1592 esse
1027 1559 1156 1592 ratae.

159 1613 280 1652 Natus
312 1620 355 1652 ut
386 1613 565 1652 Althaeae
598 1613 762 1651 flammis
794 1612 1021 1651 absentibus
1053 1613 1172 1663 arsit,

219 1672 282 1711 Sic
313 1677 404 1710 tuus
436 1671 614 1710 ardescat
645 1672 788 1722 stipitis
818 1673 906 1722 igne
938 1683 1079 1722 rogus.

160 1729 209 1768 Ut
240 1741 336 1768 nova
367 1729 551 1768 Phasiaca
583 1741 812 1781 comprensa
845 1735 905 1768 est
936 1735 1056 1780 nupta
1088 1739 1254 1779 corona,
1318 1734 1374 1767 (28)

218 1787 344 1838 thue
375 1794 486 1839 pater
516 1794 689 1840 nuptae,
721 1800 888 1838 cumque
920 1793 1081 1838 parente
1114 1787 1276 1838 domus3

74 1854 140 1886 605
162 1845 211 1884 Ut
242 1857 359 1884 cruor
390 1846 604 1885 Herculeos
637 1846 730 1885 abiit
761 1847 926 1885 diffusus
957 1848 997 1884 in
1030 1851 1160 1896 artus;

220 1903 391 1955 Corpora
421 1904 652 1955 pestiferum
684 1906 739 1943 sic
771 1910 837 1943 tua
869 1906 974 1943 virus
1007 1904 1117 1942 edat.

76 1983 126 1989 —-
163 1962 244 2008 Qua
276 1974 345 2001 sua
370 1962 623 2001 Penthaliden
655 1963 785 2013 proles
812 1968 872 2001 est
898 1962 977 2001 ulta
1004 1961 1248 2012 Lycurgum,

220 2019 322 2059 Haec
353 2026 506 2059 maneat
536 2021 605 2059 teli
636 2026 673 2059 te
706 2033 860 2072 quoque
893 2021 1002 2071 plaga
1034 2021 1144 2057 novi.

162 2078 288 2128 thue
320 2077 409 2116 Milo
442 2078 563 2118 robur
595 2079 780 2118 diducere
812 2079 929 2117 fissile
961 2084 1152 2129 temptes,

74 2144 142 2175 610
220 2135 298 2174 Nec
330 2138 456 2186 possis
489 2143 617 2188 captas
649 2137 738 2175 inde
771 2137 918 2175 referre
952 2148 1113 2174 manus.

162 2193 468 2245 llIuneribusque
500 2197 578 2234 tuis
610 2195 774 2234 laedaris
794 2226 804 2246 ,
836 2201 880 2233 ut
912 2194 1043 2233 Icarus
1062 2224 1073 2246 ,
1104 2195 1144 2232 in
1177 2205 1294 2245 quem

222 2251 357 2291 Intulit
387 2258 550 2292 armatas
582 2252 689 2292 ebria
720 2252 833 2292 turba
866 2264 1026 2291 manus.
