1575 2489
554 74 618 105 111.
645 75 840 106 337—405.
1280 73 1363 114 269

208 179 384 219 Decidit.
440 191 461 218 a
492 180 634 231 populo
667 180 810 219 clamor
843 180 889 219 ad
922 186 1025 219 astra
1057 182 1186 220 venit.

63 247 129 279 375
150 238 266 277 Tollit
296 238 414 276 humo
447 250 590 277 munus
624 251 734 277 caesa
765 240 874 289 prius
906 239 969 277 ille
1001 240 1187 291 iuvenca,

208 296 314 342 Quae
347 296 507 334 dederat
538 296 635 335 nulli
667 296 762 336 colla
793 297 1005 348 premenda
1037 298 1154 349 iugo,

148 354 275 406 Atque
307 354 430 393 ancile
462 360 601 407 vocat,
634 355 737 406 quod
770 354 816 394 ab
849 356 954 394 omni
985 361 1095 406 parte
1128 356 1298 395 recisum

873 419 954 465 est,

208 471 370 522 Quaque
402 475 514 509 notes
546 471 698 523 oculis,
730 471 894 523 angulus
926 473 1051 510 omnis
1083 470 1216 511 abest.

148 529 248 568 Tum
267 560 277 580 ‚
309 541 459 567 memor
490 530 646 580 imperii
677 536 822 569 sortem
855 532 1070 569 consistere
1101 531 1142 568 in
1173 529 1262 581 illo,

61 596 129 628 380
209 587 422 626 Consilium
454 587 597 626 multae
630 588 849 627 calliditatis
881 590 977 627 init.

149 646 264 685 Plura
296 645 404 684 iubet
435 646 520 684 fieri
552 645 669 685 simili
700 646 845 686 caelata
876 647 1024 699 figura,

210 704 332 742 Error
363 709 406 743 ut
438 709 526 742 ante
559 705 692 743 oculos
724 705 943 744 insidiantis
976 712 1059 744 eat.

149 762 361 801 Mamurius
380 793 391 814 ,
422 774 574 801 morum
608 763 789 802 fabraene
822 765 992 802 exactior
1024 765 1167 815 artis,-

208 820 369 859 Difticile
404 826 462 859 est
492 821 587 859 illud
620 821 779 872 dicere,
812 821 951 860 clausit
983 833 1103 872 opus.

63 887 129 919 385
151 879 222 918 Cui
253 879 377 918 Numa
409 879 617 917 munificus
649 876 761 918 esacti
793 885 882 930 pete
914 880 1084 929 praemia
1103 876 1134 932 ,³
1169 879 1265 917 dixit

209 934 272 976 tSi
304 950 389 975 mea
420 943 510 976 nota
542 936 666 989 fides,
698 938 815 976 inrita
847 937 951 976 nulla
982 934 1138 988 petes.'

150 996 228 1035 Iam
260 995 420 1034 dederat
453 995 565 1034 Saliis
597 1007 617 1033 a
650 995 749 1034 saltu
781 997 938 1034 nomina
970 996 1071 1035 dicta

208 1054 402 1105 Armaque
435 1060 474 1092 et
504 1053 550 1092 ad
583 1060 712 1093 certos
743 1053 861 1093 verba
892 1054 1065 1094 canenda
1096 1054 1255 1094 modos.

150 1112 249 1150 Tum
282 1113 337 1151 sic
368 1111 604 1151 Mamurius:
649 1109 824 1152 ‘merces
856 1112 951 1151 mihi
982 1112 1103 1163 gloria
1136 1112 1274 1164 detur,

63 1180 131 1211 390
210 1170 451 1221 Nominaque
484 1175 657 1209 extremo
690 1173 861 1209 carmine
894 1176 1027 1209 nostra
1059 1167 1246 1210 sonent.'

150 1229 244 1267 Inde
276 1228 499 1267 sacerdotes
531 1230 641 1279 operi
672 1230 864 1280 promissa
897 1235 1048 1268 vetusto

208 1287 383 1325 Praemia
416 1286 670 1339 persolvunt,
702 1287 1014 1339 Mamuriumque
1045 1292 1206 1327 vocant.

150 1345 306 1384 Nubere
340 1347 449 1396 siqua
482 1345 614 1397 voles,
648 1347 822 1396 quamvls
854 1345 1116 1397 properabitis
1148 1345 1284 1397 ambo,

208 1403 357 1455 Differ3
389 1403 532 1442 habent
563 1416 702 1454 parvae
735 1404 937 1443 commoda
968 1416 1105 1455 magna
1138 1416 1290 1443 morae.

63 1470 129 1502 395
151 1463 266 1500 Arma
298 1467 454 1500 movent
485 1473 634 1513 pugnas
654 1493 664 1513 ,
696 1474 825 1513 pugna
859 1469 917 1502 est
949 1463 1071 1501 aliena
1104 1464 1277 1515 maritis3

208 1519 371 1559 Condita
402 1532 491 1558 cum
524 1520 671 1558 suerint
689 1552 699 1572 ‚
732 1522 859 1572 aptius
891 1533 1005 1559 omen
1038 1522 1134 1560 erit.

150 1578 219 1617 His
252 1579 368 1617 etiam
400 1580 570 1617 coniunx
602 1580 742 1629 apicati
774 1580 900 1618 cincta
931 1579 1049 1618 Dialis

210 1635 380 1676 Lucibus
412 1639 571 1688 inpexas
604 1636 719 1676 debet
750 1636 895 1676 habere
927 1649 1079 1676 comas.

418 1727 456 1769 2.
487 1726 566 1768 EF
627 1728 664 1770 3.
696 1727 771 1770 FO
831 1729 872 1770 4.
904 1727 982 1770 GC

151 1811 282 1850 Tertia
313 1823 389 1850 nox
422 1811 595 1850 dimensa
627 1823 718 1850 suos
750 1811 818 1850 ubi
850 1814 1016 1851 moverit
1046 1813 1180 1865 ignes,

63 1878 132 1909 400
211 1869 398 1909 Conditus
431 1882 451 1908 e
482 1871 647 1921 geminis
678 1869 856 1908 Piscibus
889 1870 986 1909 alter
1019 1872 1114 1909 erit.

151 1928 247 1967 Nam
280 1928 356 1967 duo
389 1935 507 1980 sunt3
543 1929 686 1967 austris
718 1928 781 1967 hic
814 1934 872 1967 est
891 1959 902 1981 ,
934 1927 1183 1979 aquilonibus
1214 1928 1296 1967 ille‘

209 1986 414 2026 Proximus
435 2017 443 2026 .
499 1998 520 2025 a
551 1991 666 2025 vento
699 1999 841 2025 nomen
872 1991 1041 2038 uterque
1072 1992 1203 2026 tenet.

624 2077 662 2119 5.
693 2076 777 2120 HC

154 2160 251 2200 Cum
284 2163 434 2201 croceis
465 2173 600 2201 rorare
632 2163 742 2213 genis
774 2160 956 2200 Tithonia
989 2162 1158 2200 coniunx

210 2219 393 2271 Coeperit
424 2225 463 2259 et
494 2222 652 2271 quintae
685 2225 860 2271 tempora
891 2219 991 2258 lucis
1023 2224 1134 2271 aget,

64 2284 131 2316 405
153 2277 241 2317 Sive
273 2285 333 2318 est
363 2278 650 2331 Arctophylax,
683 2280 762 2317 sive
796 2284 855 2317 est
886 2279 997 2329 piger
1028 2278 1092 2317 ille
1126 2277 1291 2330 Bootes,
