1575 2489
617 84 663 117 1L
691 86 886 118 566—-634.
1334 83 1416 124 251

204 193 261 231 Ex
293 193 385 231 vitio
416 193 615 243 positum.
672 203 786 243 saepe
818 191 873 230 illi
905 191 1056 231 dixerat
1086 192 1198 231 Almo

263 247 410 302 ξΝῑηῑὶ,
442 256 531 288 tene
564 246 784 301 linguam‚'
816 262 890 289 nec
921 255 1050 289 tamen
1081 250 1145 289 illa
1177 256 1308 289 tenet.

206 309 312 355 Quae
345 307 460 347 simul
491 320 535 346 ac
566 310 694 359 tetigit
723 308 909 347 Iuturnae
941 313 1073 359 stagna
1107 310 1278 360 sororis,

264 362 442 417 ‘Effuge'
476 367 529 404 ait
560 363 684 417 ‘ripas
704 363 735 405 l'
769 366 870 405 dicta
902 367 1102 417 refertque
1134 366 1256 405 lovis.

119 433 188 466 605
208 425 274 464 Illa
306 427 423 464 etiam
454 423 642 463 Iunonem
675 425 796 477 adiit,
827 426 1088 476 miserataque
1120 431 1286 476 nuptas,

264 479 405 522 ‘Naida
436 482 639 521 Iuturnam
670 485 728 521 vir
760 480 874 522 tuus'
907 485 1035 534 inquit
1067 479 1237 521 ‘amah'

205 541 380 592 Iuppiter
411 542 626 593 intumuit,
659 553 811 592 quaque
845 548 904 580 est
935 553 1014 580 non
1045 553 1114 580 usa
1146 541 1346 593 modeste,

266 600 422 651 Eripuit
452 599 621 650 linguam
640 630 651 651 ‚
683 599 999 651 Mercuriumque
1031 605 1165 638 vocat:

208 655 312 698 ‘Duc
343 658 443 696 hanc
475 657 520 696 ad
553 670 715 709 manes3
747 657 857 697 locus
889 658 953 696 ille
986 657 1192 697 silentibus
1224 663 1363 709 aptuS.

119 725 186 757 610
265 716 440 768 Nympha
460 747 470 767 ‚
503 716 571 754 sed
603 717 778 754 infernae
811 716 979 767 nympha
1010 716 1162 768 paludis
1195 712 1316 755 erit.'

207 775 315 815 Iussa
346 774 446 813 Iovis
478 775 577 813 fiunt
596 804 604 812 .
661 776 810 825 accepit
841 775 953 813 lucus
986 782 1147 813 euntes.

266 833 417 872 Dicitur
448 832 511 871 illa
543 832 634 871 duci
665 838 759 870 tunc
790 832 984 883 placuisse
1017 832 1113 871 deo.

209 891 292 930 Vim
324 896 434 943 parat
464 890 551 942 hic,
584 890 690 928 voltu
722 902 792 941 pro
826 890 954 929 verbis
986 890 1048 929 illa
1079 896 1265 942 precatur
1284 922 1295 944 ,

265 949 314 988 Et
346 950 492 988 frustra
523 954 631 987 muto
663 949 802 987 nititur
834 961 901 987 ore
933 949 1066 1000 loqui.

122 1016 187 1049 515
207 1008 346 1059 Fitque
379 1008 537 1059 gravis,
569 1008 823 1058 geminosque
854 1009 985 1058 parit,
1018 1008 1085 1058 qui
1117 1009 1284 1059 compita

936 1071 1091 1104 servant

267 1123 316 1163 Et
347 1123 505 1175 vigilant
537 1129 669 1163 nostra
702 1135 856 1174 semper
887 1126 927 1162 in
961 1124 1057 1163 urbe
1076 1155 1087 1175 ,
1118 1123 1259 1163 Lares.

668 1215 736 1256 22.
767 1213 846 1256 EG

209 1298 390 1338 Proxima
423 1299 577 1350 cognati
609 1297 741 1337 dixere
776 1298 939 1338 Caristia
972 1300 1074 1351 cari,

267 1357 317 1396 Et
348 1359 453 1396 venit
484 1357 530 1395 ad
563 1358 690 1395 socios
722 1356 837 1395 turba
869 1359 1087 1408 propinqua
1120 1357 1237 1396 deos.

211 1416 370 1455 Scilicet
401 1427 421 1454 a
453 1415 613 1454 tumulis
647 1421 685 1454 et
717 1417 783 1466 qui
815 1417 968 1466 periere
989 1447 999 1467 ,
1031 1417 1262 1467 propinquis

123 1482 189 1514 620
267 1474 453 1513 Protinus
485 1473 531 1512 ad
564 1475 670 1512 vivos
703 1485 769 1512 ora
802 1473 951 1512 referre
984 1475 1116 1525 iuvat,

209 1532 381 1584 Postque
414 1538 472 1571 tot
504 1533 666 1570 amissos
699 1532 889 1583 quidquid
921 1532 968 1570 de
1001 1534 1189 1583 sanguine
1223 1537 1367 1580 restat,

267 1591 453 1642 Aspieere
473 1622 483 1642 ,
516 1597 555 1629 et
585 1592 741 1642 generis
773 1590 1022 1629 dinumerare
1054 1591 1220 1642 gradus.

209 1649 373 1688 Innocui
404 1651 588 1688 veniant.
644 1649 783 1700 procul
813 1649 934 1701 hinc,
967 1649 1104 1700 procul
1135 1651 1279 1701 impius
1312 1655 1394 1688 esto

269 1707 435 1759 Frater,
468 1713 506 1747 et
537 1709 577 1746 in
608 1714 743 1759 partus
776 1713 900 1746 mater
932 1708 1072 1747 acerba
1104 1720 1223 1760 suos3

124 1775 190 1806 625
212 1765 284 1804 Cui
314 1771 425 1817 pater
457 1772 518 1805 est
548 1767 658 1804 vivax
677 1798 687 1818 ,
721 1768 788 1817 qui
819 1768 954 1805 matris
987 1766 1130 1818 digerit
1161 1777 1284 1805 anuos
1300 1798 1311 1819 ‚

272 1824 377 1870 Quae
411 1826 555 1875 premit
584 1826 748 1863 invisam
781 1837 918 1864 socrus
949 1827 1083 1876 iniqua
1115 1837 1281 1863 nurum.

210 1881 433 1921 Tantalidae
465 1883 606 1921 fratres
639 1881 795 1934 absint,
827 1888 866 1922 et
897 1883 1045 1922 Iasonis
1077 1895 1200 1935 uxor,

268 1941 317 1980 Et
349 1953 447 1992 quae
480 1941 661 1980 ruricolis
695 1943 842 1979 semina
873 1946 975 1980 tosta
1007 1941 1136 1994 dedit,

211 1999 260 2038 Et
291 2012 403 2038 soror
436 2004 476 2038 et
505 1999 659 2050 Progne
678 2031 689 2051 ‚
721 1999 949 2051 Tereusque
982 1999 1132 2039 duabus
1164 2001 1346 2052 iniquus,

124 2066 191 2098 630
270 2058 320 2097 Et
351 2060 588 2109 quicumque
623 2070 712 2097 suas
744 2070 815 2109 per
847 2058 975 2097 scelus
1008 2064 1124 2109 auget
1155 2071 1273 2110 opes.

212 2116 277 2156 Dis
309 2118 465 2167 generis
497 2117 584 2156 date
617 2122 705 2156 tura
737 2116 830 2156 boni
849 2147 858 2156 .
915 2116 1131 2156 Concordia
1163 2117 1289 2156 fertur

269 2175 335 2213 Illa
368 2177 578 2227 praecipue
611 2176 715 2214 mitis
748 2175 883 2214 adesse
916 2175 1000 2215 die.

210 2232 259 2272 Et
290 2233 407 2272 libate
440 2233 587 2286 dapes,
619 2239 692 2285 ut,
724 2235 824 2285 grati
854 2235 995 2285 pignus
1027 2234 1212 2287 honoris,

269 2291 425 2330 Nutriat
456 2294 649 2331 incinctos
681 2295 797 2331 missa
829 2292 968 2344 patella
1000 2292 1143 2332 Lares.
