<?xml version="1.0" encoding="UTF-8"?>
<!DOCTYPE html PUBLIC "-//W3C//DTD XHTML 1.0 Transitional//EN"
    "http://www.w3.org/TR/xhtml1/DTD/xhtml1-transitional.dtd">
<html xmlns="http://www.w3.org/1999/xhtml" xml:lang="en" lang="en">
 <head>
  <title>
</title>
<meta http-equiv="Content-Type" content="text/html;charset=utf-8" />
  <meta name='ocr-system' content='tesseract 3.04.00' />
  <meta name='ocr-capabilities' content='ocr_page ocr_carea ocr_par ocr_line ocrx_word'/>
</head>
<body>
  <div class='ocr_page' id='page_1' title='image "./operaovid01oviduoft_0059.png"; bbox 0 0 1601 2484; ppageno 0'>
   <div class='ocr_carea' id='block_1_1' title="bbox 596 63 1419 104">
    <p class='ocr_par' dir='ltr' id='par_1_1' title="bbox 596 63 1419 104">
     <span class='ocr_line' id='line_1_1' title="bbox 596 63 1419 104; baseline 0.001 -10"><span class='ocrx_word' id='word_1_1' title='bbox 596 63 624 94; x_wconf 93' lang='grc' dir='ltr'>Ι.</span> <span class='ocrx_word' id='word_1_2' title='bbox 650 70 699 95; x_wconf 91' lang='lat'>111</span> <span class='ocrx_word' id='word_1_3' title='bbox 719 65 838 96; x_wconf 82' lang='lat' dir='ltr'><strong>78—v</strong></span> <span class='ocrx_word' id='word_1_4' title='bbox 860 65 912 95; x_wconf 85' lang='lat'>15.</span> <span class='ocrx_word' id='word_1_5' title='bbox 1369 63 1419 104; x_wconf 81' lang='lat'>11</span> 
     </span>
    </p>
   </div>
   <div class='ocr_carea' id='block_1_2' title="bbox 139 170 1420 1267">
    <p class='ocr_par' dir='ltr' id='par_1_2' title="bbox 139 170 1420 1267">
     <span class='ocr_line' id='line_1_2' title="bbox 145 170 1056 221; baseline 0 -12"><span class='ocrx_word' id='word_1_6' title='bbox 145 179 186 210; x_wconf 91' lang='lat'>10</span> <span class='ocrx_word' id='word_1_7' title='bbox 206 171 371 221; x_wconf 84' lang='lat' dir='ltr'><strong>Ingemit</strong></span> <span class='ocrx_word' id='word_1_8' title='bbox 403 176 441 209; x_wconf 92' lang='lat' dir='ltr'>et</span> <span class='ocrx_word' id='word_1_9' title='bbox 472 171 616 208; x_wconf 89' lang='lat' dir='ltr'>nostris</span> <span class='ocrx_word' id='word_1_10' title='bbox 648 171 730 220; x_wconf 90' lang='lat' dir='ltr'>ipsa</span> <span class='ocrx_word' id='word_1_11' title='bbox 763 171 891 208; x_wconf 88' lang='lat' dir='ltr'>carina</span> <span class='ocrx_word' id='word_1_12' title='bbox 924 170 1056 209; x_wconf 88' lang='lat' dir='ltr'>malis.</span> 
     </span>
     <span class='ocr_line' id='line_1_3' title="bbox 205 227 1216 280; baseline 0 -13"><span class='ocrx_word' id='word_1_13' title='bbox 205 229 367 280; x_wconf 85' lang='lat' dir='ltr'>Navita,</span> <span class='ocrx_word' id='word_1_14' title='bbox 400 228 602 266; x_wconf 87' lang='lat' dir='ltr'>confessus</span> <span class='ocrx_word' id='word_1_15' title='bbox 635 227 804 278; x_wconf 82' lang='lat' dir='ltr'>gelidum</span> <span class='ocrx_word' id='word_1_16' title='bbox 836 228 979 279; x_wconf 89' lang='lat' dir='ltr'>pallore</span> <span class='ocrx_word' id='word_1_17' title='bbox 1014 230 1216 279; x_wconf 86' lang='lat' dir='ltr'>timorem,</span> 
     </span>
     <span class='ocr_line' id='line_1_4' title="bbox 206 286 1218 337; baseline 0 -12"><span class='ocrx_word' id='word_1_18' title='bbox 206 286 284 325; x_wconf 90' lang='lat' dir='ltr'>Iarn</span> <span class='ocrx_word' id='word_1_19' title='bbox 318 288 495 337; x_wconf 84' lang='lat' dir='ltr'>sequitur</span> <span class='ocrx_word' id='word_1_20' title='bbox 527 287 683 337; x_wconf 85' lang='lat' dir='ltr'>victus,</span> <span class='ocrx_word' id='word_1_21' title='bbox 715 297 793 324; x_wconf 91' lang='lat' dir='ltr'>non</span> <span class='ocrx_word' id='word_1_22' title='bbox 826 288 926 337; x_wconf 89' lang='lat' dir='ltr'>regit</span> <span class='ocrx_word' id='word_1_23' title='bbox 957 293 1039 325; x_wconf 89' lang='lat' dir='ltr'>arte</span> <span class='ocrx_word' id='word_1_24' title='bbox 1072 293 1218 325; x_wconf 89' lang='lat' dir='ltr'>ratem.</span> 
     </span>
     <span class='ocr_line' id='line_1_5' title="bbox 204 343 1230 395; baseline 0 -12"><span class='ocrx_word' id='word_1_25' title='bbox 204 345 332 395; x_wconf 90' lang='lat' dir='ltr'>thue</span> <span class='ocrx_word' id='word_1_26' title='bbox 364 356 501 395; x_wconf 86' lang='lat' dir='ltr'>parum</span> <span class='ocrx_word' id='word_1_27' title='bbox 533 343 681 382; x_wconf 87' lang='lat' dir='ltr'>validus</span> <span class='ocrx_word' id='word_1_28' title='bbox 714 356 790 382; x_wconf 90' lang='lat' dir='ltr'>non</span> <span class='ocrx_word' id='word_1_29' title='bbox 822 345 1064 395; x_wconf 88' lang='lat' dir='ltr'>proficientia</span> <span class='ocrx_word' id='word_1_30' title='bbox 1093 351 1230 384; x_wconf 88' lang='lat' dir='ltr'>rector</span> 
     </span>
     <span class='ocr_line' id='line_1_6' title="bbox 206 401 1047 453; baseline -0.001 -12"><span class='ocrx_word' id='word_1_31' title='bbox 206 403 376 441; x_wconf 83' lang='lat' dir='ltr'>Cervicis</span> <span class='ocrx_word' id='word_1_32' title='bbox 408 401 555 452; x_wconf 81' lang='lat' dir='ltr'>rigidae</span> <span class='ocrx_word' id='word_1_33' title='bbox 588 402 696 440; x_wconf 87' lang='lat' dir='ltr'>frena</span> <span class='ocrx_word' id='word_1_34' title='bbox 728 403 892 441; x_wconf 84' lang='lat' dir='ltr'>remittit</span> <span class='ocrx_word' id='word_1_35' title='bbox 924 414 1047 453; x_wconf 89' lang='lat' dir='ltr'>equo,</span> 
     </span>
     <span class='ocr_line' id='line_1_7' title="bbox 142 459 1420 513; baseline 0.001 -14"><span class='ocrx_word' id='word_1_36' title='bbox 142 469 184 499; x_wconf 84' lang='lat'>15</span> <span class='ocrx_word' id='word_1_37' title='bbox 207 461 271 499; x_wconf 90' lang='lat' dir='ltr'>Sic</span> <span class='ocrx_word' id='word_1_38' title='bbox 302 472 379 499; x_wconf 91' lang='lat' dir='ltr'>non</span> <span class='ocrx_word' id='word_1_39' title='bbox 420 472 496 510; x_wconf 89' lang='lat' dir='ltr'>quo</span> <span class='ocrx_word' id='word_1_40' title='bbox 534 459 683 510; x_wconf 83' lang='lat' dir='ltr'>voluit,</span> <span class='ocrx_word' id='word_1_41' title='bbox 722 460 790 498; x_wconf 84' lang='lat' dir='ltr'>sed</span> <span class='ocrx_word' id='word_1_42' title='bbox 823 472 899 511; x_wconf 88' lang='lat' dir='ltr'>quo</span> <span class='ocrx_word' id='word_1_43' title='bbox 939 462 1039 511; x_wconf 80' lang='lat' dir='ltr'>rapit</span> <span class='ocrx_word' id='word_1_44' title='bbox 1070 461 1238 512; x_wconf 89' lang='lat' dir='ltr'>impetus</span> <span class='ocrx_word' id='word_1_45' title='bbox 1272 461 1420 513; x_wconf 84' lang='lat' dir='ltr'>undae,</span> 
     </span>
     <span class='ocr_line' id='line_1_8' title="bbox 206 518 947 569; baseline -0.001 -12"><span class='ocrx_word' id='word_1_46' title='bbox 206 519 387 569; x_wconf 81' lang='lat' dir='ltr'>Aurigam</span> <span class='ocrx_word' id='word_1_47' title='bbox 419 518 529 556; x_wconf 88' lang='lat' dir='ltr'>video</span> <span class='ocrx_word' id='word_1_48' title='bbox 561 518 643 556; x_wconf 90' lang='lat' dir='ltr'>vela</span> <span class='ocrx_word' id='word_1_49' title='bbox 676 518 829 556; x_wconf 83' lang='lat' dir='ltr'>dedisse</span> <span class='ocrx_word' id='word_1_50' title='bbox 862 520 947 556; x_wconf 89' lang='lat' dir='ltr'>rati.</span> 
     </span>
     <span class='ocr_line' id='line_1_9' title="bbox 206 576 1175 629; baseline -0.001 -14"><span class='ocrx_word' id='word_1_51' title='bbox 206 577 318 622; x_wconf 87' lang='lat' dir='ltr'>Quod</span> <span class='ocrx_word' id='word_1_52' title='bbox 350 577 426 615; x_wconf 93' lang='lat' dir='ltr'>nisi</span> <span class='ocrx_word' id='word_1_53' title='bbox 456 581 624 615; x_wconf 87' lang='lat' dir='ltr'>mutatas</span> <span class='ocrx_word' id='word_1_54' title='bbox 657 577 832 614; x_wconf 85' lang='lat' dir='ltr'>emiserit</span> <span class='ocrx_word' id='word_1_55' title='bbox 863 576 1005 614; x_wconf 88' lang='lat' dir='ltr'>Aeolus</span> <span class='ocrx_word' id='word_1_56' title='bbox 1037 588 1175 629; x_wconf 76' lang='lat' dir='ltr'>auras,</span> 
     </span>
     <span class='ocr_line' id='line_1_10' title="bbox 205 634 1091 674; baseline 0 -2"><span class='ocrx_word' id='word_1_57' title='bbox 205 635 248 673; x_wconf 93' lang='lat' dir='ltr'>In</span> <span class='ocrx_word' id='word_1_58' title='bbox 281 634 364 674; x_wconf 88' lang='lat' dir='ltr'>loca</span> <span class='ocrx_word' id='word_1_59' title='bbox 395 636 470 672; x_wconf 92' lang='lat' dir='ltr'>iam</span> <span class='ocrx_word' id='word_1_60' title='bbox 503 634 615 672; x_wconf 91' lang='lat' dir='ltr'>nobis</span> <span class='ocrx_word' id='word_1_61' title='bbox 648 646 726 672; x_wconf 89' lang='lat' dir='ltr'>non</span> <span class='ocrx_word' id='word_1_62' title='bbox 758 634 934 672; x_wconf 86' lang='lat' dir='ltr'>adeunda</span> <span class='ocrx_word' id='word_1_63' title='bbox 967 635 1091 672; x_wconf 90' lang='lat' dir='ltr'>ferar.</span> 
     </span>
     <span class='ocr_line' id='line_1_11' title="bbox 204 692 1176 744; baseline -0.001 -13"><span class='ocrx_word' id='word_1_64' title='bbox 204 693 300 731; x_wconf 90' lang='lat' dir='ltr'>Nam</span> <span class='ocrx_word' id='word_1_65' title='bbox 331 693 469 744; x_wconf 89' lang='lat' dir='ltr'>procul</span> <span class='ocrx_word' id='word_1_66' title='bbox 500 692 640 743; x_wconf 80' lang='lat' dir='ltr'>Illyriis</span> <span class='ocrx_word' id='word_1_67' title='bbox 672 692 777 730; x_wconf 83' lang='lat' dir='ltr'>laeva</span> <span class='ocrx_word' id='word_1_68' title='bbox 809 693 855 730; x_wconf 90' lang='lat' dir='ltr'>de</span> <span class='ocrx_word' id='word_1_69' title='bbox 887 698 996 742; x_wconf 89' lang='lat' dir='ltr'>parte</span> <span class='ocrx_word' id='word_1_70' title='bbox 1030 692 1176 731; x_wconf 84' lang='lat' dir='ltr'>relictis</span> 
     </span>
     <span class='ocr_line' id='line_1_12' title="bbox 139 749 910 790; baseline 0 -1"><span class='ocrx_word' id='word_1_71' title='bbox 139 751 416 790; x_wconf 80' lang='lat' dir='ltr'>201nterdicta</span> <span class='ocrx_word' id='word_1_72' title='bbox 447 750 543 789; x_wconf 89' lang='lat' dir='ltr'>mihi</span> <span class='ocrx_word' id='word_1_73' title='bbox 574 751 749 788; x_wconf 89' lang='lat' dir='ltr'>cernitur</span> <span class='ocrx_word' id='word_1_74' title='bbox 780 749 910 789; x_wconf 88' lang='lat' dir='ltr'>Italia.</span> 
     </span>
     <span class='ocr_line' id='line_1_13' title="bbox 205 807 1292 861; baseline 0 -14"><span class='ocrx_word' id='word_1_75' title='bbox 205 809 362 847; x_wconf 77' lang='lat' dir='ltr'>Desinat</span> <span class='ocrx_word' id='word_1_76' title='bbox 392 809 432 847; x_wconf 90' lang='lat' dir='ltr'>in</span> <span class='ocrx_word' id='word_1_77' title='bbox 464 810 630 860; x_wconf 78' lang='lat' dir='ltr'>vetitas,</span> <span class='ocrx_word' id='word_1_78' title='bbox 663 820 807 858; x_wconf 90' lang='lat' dir='ltr'>quaeso</span> <span class='ocrx_word' id='word_1_79' title='bbox 827 839 837 859; x_wconf 84' lang='lat'><em>‚</em></span> <span class='ocrx_word' id='word_1_80' title='bbox 869 807 1108 846; x_wconf 84' lang='lat' dir='ltr'>contendere</span> <span class='ocrx_word' id='word_1_81' title='bbox 1141 814 1292 861; x_wconf 86' lang='lat' dir='ltr'>terras,</span> 
     </span>
     <span class='ocr_line' id='line_1_14' title="bbox 204 866 1026 917; baseline 0 -12"><span class='ocrx_word' id='word_1_82' title='bbox 204 867 253 905; x_wconf 91' lang='lat' dir='ltr'>Et</span> <span class='ocrx_word' id='word_1_83' title='bbox 284 879 438 905; x_wconf 89' lang='lat' dir='ltr'>mecum</span> <span class='ocrx_word' id='word_1_84' title='bbox 469 878 607 917; x_wconf 86' lang='lat' dir='ltr'>magno</span> <span class='ocrx_word' id='word_1_85' title='bbox 640 871 773 916; x_wconf 88' lang='lat' dir='ltr'>pareat</span> <span class='ocrx_word' id='word_1_86' title='bbox 803 878 897 904; x_wconf 88' lang='lat' dir='ltr'>aura</span> <span class='ocrx_word' id='word_1_87' title='bbox 929 866 1026 906; x_wconf 81' lang='lat' dir='ltr'>dee.</span> 
     </span>
     <span class='ocr_line' id='line_1_15' title="bbox 204 924 1321 976; baseline -0.001 -13"><span class='ocrx_word' id='word_1_88' title='bbox 204 925 303 964; x_wconf 91' lang='lat' dir='ltr'>Dum</span> <span class='ocrx_word' id='word_1_89' title='bbox 335 924 503 976; x_wconf 83' lang='lat' dir='ltr'>loquor,</span> <span class='ocrx_word' id='word_1_90' title='bbox 537 930 574 963; x_wconf 88' lang='lat' dir='ltr'>et</span> <span class='ocrx_word' id='word_1_91' title='bbox 606 925 723 962; x_wconf 89' lang='lat' dir='ltr'>timeo</span> <span class='ocrx_word' id='word_1_92' title='bbox 756 925 902 975; x_wconf 89' lang='lat' dir='ltr'>pariter</span> <span class='ocrx_word' id='word_1_93' title='bbox 935 926 1128 975; x_wconf 86' lang='lat' dir='ltr'>cupioque</span> <span class='ocrx_word' id='word_1_94' title='bbox 1162 924 1321 976; x_wconf 73' lang='lat' dir='ltr'>repelli,</span> 
     </span>
     <span class='ocr_line' id='line_1_16' title="bbox 205 982 1062 1033; baseline -0.001 -12"><span class='ocrx_word' id='word_1_95' title='bbox 205 983 405 1033; x_wconf 87' lang='lat' dir='ltr'>Increpuit</span> <span class='ocrx_word' id='word_1_96' title='bbox 437 984 592 1033; x_wconf 88' lang='lat' dir='ltr'>quantis</span> <span class='ocrx_word' id='word_1_97' title='bbox 624 982 772 1020; x_wconf 90' lang='lat' dir='ltr'>viribus</span> <span class='ocrx_word' id='word_1_98' title='bbox 805 982 907 1021; x_wconf 91' lang='lat' dir='ltr'>unda</span> <span class='ocrx_word' id='word_1_99' title='bbox 939 982 1062 1021; x_wconf 79' lang='lat' dir='ltr'>latus!</span> 
     </span>
     <span class='ocr_line' id='line_1_17' title="bbox 142 1040 1255 1092; baseline 0 -13"><span class='ocrx_word' id='word_1_100' title='bbox 142 1050 186 1081; x_wconf 84' lang='lat'>25</span> <span class='ocrx_word' id='word_1_101' title='bbox 206 1041 359 1080; x_wconf 88' lang='lat' dir='ltr'>Parcite</span> <span class='ocrx_word' id='word_1_102' title='bbox 393 1040 593 1092; x_wconf 85' lang='lat' dir='ltr'>caerulei,</span> <span class='ocrx_word' id='word_1_103' title='bbox 624 1052 690 1078; x_wconf 92' lang='lat' dir='ltr'>vos</span> <span class='ocrx_word' id='word_1_104' title='bbox 723 1042 870 1091; x_wconf 90' lang='lat' dir='ltr'>parcite</span> <span class='ocrx_word' id='word_1_105' title='bbox 889 1072 900 1092; x_wconf 91' lang='lat'><strong><em>,</em></strong></span> <span class='ocrx_word' id='word_1_106' title='bbox 932 1043 1090 1079; x_wconf 90' lang='lat' dir='ltr'>numina</span> <span class='ocrx_word' id='word_1_107' title='bbox 1123 1042 1255 1092; x_wconf 85' lang='lat' dir='ltr'>ponti,</span> 
     </span>
     <span class='ocr_line' id='line_1_18' title="bbox 205 1099 1108 1149; baseline 0 -12"><span class='ocrx_word' id='word_1_108' title='bbox 205 1099 471 1149; x_wconf 88' lang='lat' dir='ltr'>Infestumque</span> <span class='ocrx_word' id='word_1_109' title='bbox 504 1099 598 1137; x_wconf 88' lang='lat' dir='ltr'>mihi</span> <span class='ocrx_word' id='word_1_110' title='bbox 630 1100 680 1137; x_wconf 88' lang='lat' dir='ltr'>sit</span> <span class='ocrx_word' id='word_1_111' title='bbox 712 1100 804 1137; x_wconf 89' lang='lat' dir='ltr'>satis</span> <span class='ocrx_word' id='word_1_112' title='bbox 838 1111 924 1137; x_wconf 89' lang='lat' dir='ltr'>esse</span> <span class='ocrx_word' id='word_1_113' title='bbox 958 1099 1108 1137; x_wconf 87' lang='lat' dir='ltr'>Iovem.</span> 
     </span>
     <span class='ocr_line' id='line_1_19' title="bbox 204 1157 1229 1208; baseline 0.001 -14"><span class='ocrx_word' id='word_1_114' title='bbox 204 1157 279 1196; x_wconf 93' lang='lat' dir='ltr'>Vos</span> <span class='ocrx_word' id='word_1_115' title='bbox 312 1159 477 1195; x_wconf 86' lang='lat' dir='ltr'>animam</span> <span class='ocrx_word' id='word_1_116' title='bbox 510 1169 643 1195; x_wconf 89' lang='lat' dir='ltr'>saevae</span> <span class='ocrx_word' id='word_1_117' title='bbox 676 1157 818 1195; x_wconf 85' lang='lat' dir='ltr'>fessam</span> <span class='ocrx_word' id='word_1_118' title='bbox 851 1157 1056 1196; x_wconf 82' lang='lat' dir='ltr'>subducite</span> <span class='ocrx_word' id='word_1_119' title='bbox 1090 1159 1229 1208; x_wconf 87' lang='lat' dir='ltr'>morti,</span> 
     </span>
     <span class='ocr_line' id='line_1_20' title="bbox 206 1215 1173 1267; baseline 0 -14"><span class='ocrx_word' id='word_1_120' title='bbox 206 1215 247 1253; x_wconf 91' lang='lat' dir='ltr'>Si</span> <span class='ocrx_word' id='word_1_121' title='bbox 278 1215 420 1266; x_wconf 86' lang='lat' dir='ltr'>modo,</span> <span class='ocrx_word' id='word_1_122' title='bbox 453 1217 519 1266; x_wconf 91' lang='lat' dir='ltr'>qui</span> <span class='ocrx_word' id='word_1_123' title='bbox 551 1216 696 1267; x_wconf 80' lang='lat' dir='ltr'>periit,</span> <span class='ocrx_word' id='word_1_124' title='bbox 729 1227 805 1253; x_wconf 90' lang='lat' dir='ltr'>non</span> <span class='ocrx_word' id='word_1_125' title='bbox 837 1217 1000 1265; x_wconf 87' lang='lat' dir='ltr'>periisse</span> <span class='ocrx_word' id='word_1_126' title='bbox 1032 1220 1173 1266; x_wconf 87' lang='lat' dir='ltr'>potest.</span> 
     </span>
    </p>
   </div>
   <div class='ocr_carea' id='block_1_3' title="bbox 720 1342 774 1388">
    <p class='ocr_par' dir='ltr' id='par_1_3' title="bbox 720 1342 774 1388">
     <span class='ocr_line' id='line_1_21' title="bbox 720 1342 774 1388; baseline 0.037 -2"><span class='ocrx_word' id='word_1_127' title='bbox 720 1342 774 1388; x_wconf 92' lang='lat' dir='ltr'>V.</span> 
     </span>
    </p>
   </div>
   <div class='ocr_carea' id='block_1_4' title="bbox 140 1446 1372 2313">
    <p class='ocr_par' dir='ltr' id='par_1_4' title="bbox 140 1446 1372 2313">
     <span class='ocr_line' id='line_1_22' title="bbox 203 1446 1337 1499; baseline 0.002 -15"><span class='ocrx_word' id='word_1_128' title='bbox 203 1446 234 1485; x_wconf 92' lang='grc' dir='ltr'>Ο</span> <span class='ocrx_word' id='word_1_129' title='bbox 266 1446 361 1485; x_wconf 88' lang='lat' dir='ltr'>mihi</span> <span class='ocrx_word' id='word_1_130' title='bbox 391 1452 479 1497; x_wconf 90' lang='lat' dir='ltr'>post</span> <span class='ocrx_word' id='word_1_131' title='bbox 505 1446 631 1484; x_wconf 86' lang='lat' dir='ltr'>nullos</span> <span class='ocrx_word' id='word_1_132' title='bbox 664 1459 847 1497; x_wconf 86' lang='lat' dir='ltr'>umquam</span> <span class='ocrx_word' id='word_1_133' title='bbox 880 1448 1129 1486; x_wconf 85' lang='lat' dir='ltr'>memorande</span> <span class='ocrx_word' id='word_1_134' title='bbox 1163 1448 1337 1499; x_wconf 85' lang='lat' dir='ltr'>sodales,</span> 
     </span>
     <span class='ocr_line' id='line_1_23' title="bbox 204 1504 1137 1557; baseline 0 -14"><span class='ocrx_word' id='word_1_135' title='bbox 204 1504 235 1543; x_wconf 91' lang='grc' dir='ltr'><strong>Ο</strong></span> <span class='ocrx_word' id='word_1_136' title='bbox 269 1506 332 1543; x_wconf 90' lang='lat' dir='ltr'>cui</span> <span class='ocrx_word' id='word_1_137' title='bbox 363 1506 572 1556; x_wconf 85' lang='lat' dir='ltr'>praecipue</span> <span class='ocrx_word' id='word_1_138' title='bbox 605 1516 690 1542; x_wconf 87' lang='lat' dir='ltr'>sors</span> <span class='ocrx_word' id='word_1_139' title='bbox 723 1517 806 1543; x_wconf 88' lang='lat' dir='ltr'>mea</span> <span class='ocrx_word' id='word_1_140' title='bbox 842 1506 922 1543; x_wconf 91' lang='lat' dir='ltr'>visa</span> <span class='ocrx_word' id='word_1_141' title='bbox 954 1518 1023 1543; x_wconf 90' lang='lat' dir='ltr'>sua</span> <span class='ocrx_word' id='word_1_142' title='bbox 1055 1512 1137 1557; x_wconf 88' lang='lat' dir='ltr'>est,</span> 
     </span>
     <span class='ocr_line' id='line_1_24' title="bbox 204 1564 1306 1616; baseline 0.002 -16"><span class='ocrx_word' id='word_1_143' title='bbox 204 1564 420 1601; x_wconf 84' lang='lat' dir='ltr'>Attonitum</span> <span class='ocrx_word' id='word_1_144' title='bbox 454 1564 520 1612; x_wconf 89' lang='lat' dir='ltr'>qui</span> <span class='ocrx_word' id='word_1_145' title='bbox 552 1575 612 1600; x_wconf 92' lang='lat' dir='ltr'>me</span> <span class='ocrx_word' id='word_1_146' title='bbox 633 1594 643 1614; x_wconf 86' lang='lat'><em>‚</em></span> <span class='ocrx_word' id='word_1_147' title='bbox 675 1564 863 1614; x_wconf 81' lang='lat' dir='ltr'>memini,</span> <span class='ocrx_word' id='word_1_148' title='bbox 896 1565 1094 1602; x_wconf 88' lang='lat' dir='ltr'>carissime</span> <span class='ocrx_word' id='word_1_149' title='bbox 1113 1595 1124 1616; x_wconf 84' lang='lat'><em>‚</em></span> <span class='ocrx_word' id='word_1_150' title='bbox 1156 1565 1306 1615; x_wconf 90' lang='lat' dir='ltr'>primus</span> 
     </span>
     <span class='ocr_line' id='line_1_25' title="bbox 202 1620 1007 1673; baseline 0.002 -15"><span class='ocrx_word' id='word_1_151' title='bbox 202 1623 331 1659; x_wconf 83' lang='lat' dir='ltr'>Ausus</span> <span class='ocrx_word' id='word_1_152' title='bbox 363 1633 404 1659; x_wconf 92' lang='lat' dir='ltr'>es</span> <span class='ocrx_word' id='word_1_153' title='bbox 437 1620 616 1670; x_wconf 85' lang='lat' dir='ltr'>adloquio</span> <span class='ocrx_word' id='word_1_154' title='bbox 650 1622 883 1659; x_wconf 87' lang='lat' dir='ltr'>sustinuisse</span> <span class='ocrx_word' id='word_1_155' title='bbox 917 1628 1007 1673; x_wconf 81' lang='lat' dir='ltr'>tuo,</span> 
     </span>
     <span class='ocr_line' id='line_1_26' title="bbox 161 1678 1137 1731; baseline 0.001 -13"><span class='ocrx_word' id='word_1_156' title='bbox 161 1687 182 1718; x_wconf 89' lang='lat'>5</span> <span class='ocrx_word' id='word_1_157' title='bbox 204 1679 278 1724; x_wconf 85' lang='lat' dir='ltr'>Qui</span> <span class='ocrx_word' id='word_1_158' title='bbox 311 1678 404 1717; x_wconf 91' lang='lat' dir='ltr'>mihi</span> <span class='ocrx_word' id='word_1_159' title='bbox 436 1679 642 1717; x_wconf 89' lang='lat' dir='ltr'>consilium</span> <span class='ocrx_word' id='word_1_160' title='bbox 672 1679 827 1718; x_wconf 89' lang='lat' dir='ltr'>vivendi</span> <span class='ocrx_word' id='word_1_161' title='bbox 859 1681 951 1718; x_wconf 85' lang='lat' dir='ltr'>mite</span> <span class='ocrx_word' id='word_1_162' title='bbox 984 1680 1137 1731; x_wconf 87' lang='lat' dir='ltr'>dedisti,</span> 
     </span>
     <span class='ocr_line' id='line_1_27' title="bbox 204 1737 1207 1791; baseline 0.001 -15"><span class='ocrx_word' id='word_1_163' title='bbox 204 1737 300 1776; x_wconf 90' lang='lat' dir='ltr'>Cum</span> <span class='ocrx_word' id='word_1_164' title='bbox 333 1737 432 1775; x_wconf 88' lang='lat' dir='ltr'>foret</span> <span class='ocrx_word' id='word_1_165' title='bbox 464 1738 504 1775; x_wconf 87' lang='lat' dir='ltr'>in</span> <span class='ocrx_word' id='word_1_166' title='bbox 535 1738 679 1775; x_wconf 89' lang='lat' dir='ltr'>misero</span> <span class='ocrx_word' id='word_1_167' title='bbox 712 1743 870 1788; x_wconf 89' lang='lat' dir='ltr'>pectore</span> <span class='ocrx_word' id='word_1_168' title='bbox 904 1740 1041 1777; x_wconf 88' lang='lat' dir='ltr'>mortis</span> <span class='ocrx_word' id='word_1_169' title='bbox 1073 1751 1207 1791; x_wconf 88' lang='lat' dir='ltr'>amor,</span> 
     </span>
     <span class='ocr_line' id='line_1_28' title="bbox 204 1794 1372 1850; baseline 0.002 -17"><span class='ocrx_word' id='word_1_170' title='bbox 204 1795 288 1833; x_wconf 91' lang='lat' dir='ltr'>Scis</span> <span class='ocrx_word' id='word_1_171' title='bbox 321 1794 419 1833; x_wconf 91' lang='lat' dir='ltr'>bene</span> <span class='ocrx_word' id='word_1_172' title='bbox 439 1826 449 1846; x_wconf 89' lang='lat'><em>,</em></span> <span class='ocrx_word' id='word_1_173' title='bbox 482 1797 546 1834; x_wconf 89' lang='lat' dir='ltr'>cui</span> <span class='ocrx_word' id='word_1_174' title='bbox 577 1795 702 1834; x_wconf 91' lang='lat' dir='ltr'>dicam</span> <span class='ocrx_word' id='word_1_175' title='bbox 721 1827 732 1847; x_wconf 84' lang='lat'><em>‚</em></span> <span class='ocrx_word' id='word_1_176' title='bbox 763 1797 901 1847; x_wconf 91' lang='lat' dir='ltr'>positis</span> <span class='ocrx_word' id='word_1_177' title='bbox 932 1809 1004 1847; x_wconf 91' lang='lat' dir='ltr'>pro</span> <span class='ocrx_word' id='word_1_178' title='bbox 1037 1799 1193 1835; x_wconf 90' lang='lat' dir='ltr'>nomine</span> <span class='ocrx_word' id='word_1_179' title='bbox 1227 1798 1372 1850; x_wconf 83' lang='lat' dir='ltr'>signis,</span> 
     </span>
     <span class='ocr_line' id='line_1_29' title="bbox 202 1853 1064 1906; baseline 0.002 -15"><span class='ocrx_word' id='word_1_180' title='bbox 202 1853 384 1892; x_wconf 83' lang='lat' dir='ltr'>Officium</span> <span class='ocrx_word' id='word_1_181' title='bbox 415 1865 487 1892; x_wconf 91' lang='lat' dir='ltr'>nec</span> <span class='ocrx_word' id='word_1_182' title='bbox 519 1859 557 1892; x_wconf 88' lang='lat' dir='ltr'>te</span> <span class='ocrx_word' id='word_1_183' title='bbox 589 1853 714 1905; x_wconf 86' lang='lat' dir='ltr'>fallit,</span> <span class='ocrx_word' id='word_1_184' title='bbox 747 1856 868 1893; x_wconf 90' lang='lat' dir='ltr'>amice</span> <span class='ocrx_word' id='word_1_185' title='bbox 888 1886 898 1906; x_wconf 86' lang='lat'><em>‚</em></span> <span class='ocrx_word' id='word_1_186' title='bbox 930 1860 1064 1893; x_wconf 90' lang='lat' dir='ltr'>tuum.</span> 
     </span>
     <span class='ocr_line' id='line_1_30' title="bbox 200 1911 1264 1964; baseline 0.002 -15"><span class='ocrx_word' id='word_1_187' title='bbox 200 1911 304 1950; x_wconf 92' lang='lat' dir='ltr'>Haec</span> <span class='ocrx_word' id='word_1_188' title='bbox 336 1911 429 1949; x_wconf 92' lang='lat' dir='ltr'>mihi</span> <span class='ocrx_word' id='word_1_189' title='bbox 460 1924 614 1962; x_wconf 89' lang='lat' dir='ltr'>semper</span> <span class='ocrx_word' id='word_1_190' title='bbox 647 1918 763 1951; x_wconf 92' lang='lat' dir='ltr'>erunt</span> <span class='ocrx_word' id='word_1_191' title='bbox 794 1914 882 1951; x_wconf 90' lang='lat' dir='ltr'>imis</span> <span class='ocrx_word' id='word_1_192' title='bbox 914 1913 1030 1951; x_wconf 86' lang='lat' dir='ltr'>infixa</span> <span class='ocrx_word' id='word_1_193' title='bbox 1062 1914 1264 1964; x_wconf 86' lang='lat' dir='ltr'>medullis,</span> 
     </span>
     <span class='ocr_line' id='line_1_31' title="bbox 140 1969 1138 2023; baseline 0.002 -15"><span class='ocrx_word' id='word_1_194' title='bbox 140 1978 182 2008; x_wconf 89' lang='lat'>10</span> <span class='ocrx_word' id='word_1_195' title='bbox 202 1969 499 2021; x_wconf 79' lang='lat' dir='ltr'>perpetuusque</span> <span class='ocrx_word' id='word_1_196' title='bbox 532 1972 680 2008; x_wconf 89' lang='lat' dir='ltr'>animae</span> <span class='ocrx_word' id='word_1_197' title='bbox 713 1970 867 2010; x_wconf 90' lang='lat' dir='ltr'>debitor</span> <span class='ocrx_word' id='word_1_198' title='bbox 898 1971 1016 2010; x_wconf 89' lang='lat' dir='ltr'>huius</span> <span class='ocrx_word' id='word_1_199' title='bbox 1048 1984 1138 2023; x_wconf 90' lang='lat' dir='ltr'>er0,</span> 
     </span>
     <span class='ocr_line' id='line_1_32' title="bbox 205 2028 1323 2080; baseline 0.002 -14"><span class='ocrx_word' id='word_1_200' title='bbox 205 2028 374 2078; x_wconf 89' lang='lat' dir='ltr'>Spiritus</span> <span class='ocrx_word' id='word_1_201' title='bbox 407 2035 445 2066; x_wconf 90' lang='lat' dir='ltr'>et</span> <span class='ocrx_word' id='word_1_202' title='bbox 476 2040 616 2067; x_wconf 86' lang='lat' dir='ltr'>vacuas</span> <span class='ocrx_word' id='word_1_203' title='bbox 647 2030 757 2080; x_wconf 88' lang='lat' dir='ltr'>prius</span> <span class='ocrx_word' id='word_1_204' title='bbox 790 2029 852 2068; x_wconf 89' lang='lat' dir='ltr'>hic</span> <span class='ocrx_word' id='word_1_205' title='bbox 884 2030 1104 2068; x_wconf 89' lang='lat' dir='ltr'>tenuandus</span> <span class='ocrx_word' id='word_1_206' title='bbox 1136 2031 1176 2068; x_wconf 91' lang='lat' dir='ltr'>in</span> <span class='ocrx_word' id='word_1_207' title='bbox 1209 2041 1323 2068; x_wconf 86' lang='lat' dir='ltr'>auras</span> 
     </span>
     <span class='ocr_line' id='line_1_33' title="bbox 202 2085 1066 2139; baseline 0.001 -15"><span class='ocrx_word' id='word_1_208' title='bbox 202 2085 304 2138; x_wconf 88' lang='lat' dir='ltr'>Ibit,</span> <span class='ocrx_word' id='word_1_209' title='bbox 336 2091 375 2124; x_wconf 89' lang='lat' dir='ltr'>et</span> <span class='ocrx_word' id='word_1_210' title='bbox 405 2087 445 2125; x_wconf 91' lang='lat' dir='ltr'>in</span> <span class='ocrx_word' id='word_1_211' title='bbox 478 2087 607 2138; x_wconf 91' lang='lat' dir='ltr'>tepido</span> <span class='ocrx_word' id='word_1_212' title='bbox 640 2087 796 2126; x_wconf 85' lang='lat' dir='ltr'>deseret</span> <span class='ocrx_word' id='word_1_213' title='bbox 828 2100 915 2127; x_wconf 91' lang='lat' dir='ltr'>ossa</span> <span class='ocrx_word' id='word_1_214' title='bbox 947 2100 1066 2139; x_wconf 76' lang='lat' dir='ltr'>rogo,</span> 
     </span>
     <span class='ocr_line' id='line_1_34' title="bbox 203 2139 1307 2199; baseline 0.003 -17"><span class='ocrx_word' id='word_1_215' title='bbox 203 2144 325 2189; x_wconf 87' lang='lat' dir='ltr'>Quam</span> <span class='ocrx_word' id='word_1_216' title='bbox 359 2139 522 2183; x_wconf 86' lang='lat' dir='ltr'>subeant</span> <span class='ocrx_word' id='word_1_217' title='bbox 554 2147 681 2183; x_wconf 90' lang='lat' dir='ltr'>animo</span> <span class='ocrx_word' id='word_1_218' title='bbox 713 2148 944 2185; x_wconf 88' lang='lat' dir='ltr'>meritorum</span> <span class='ocrx_word' id='word_1_219' title='bbox 977 2146 1115 2185; x_wconf 85' lang='lat' dir='ltr'>oblivia</span> <span class='ocrx_word' id='word_1_220' title='bbox 1146 2152 1307 2199; x_wconf 85' lang='lat' dir='ltr'>nostro,</span> 
     </span>
     <span class='ocr_line' id='line_1_35' title="bbox 200 2201 951 2254; baseline 0.003 -14"><span class='ocrx_word' id='word_1_221' title='bbox 200 2201 249 2241; x_wconf 90' lang='lat' dir='ltr'>Et</span> <span class='ocrx_word' id='word_1_222' title='bbox 280 2202 392 2253; x_wconf 86' lang='lat' dir='ltr'>longa</span> <span class='ocrx_word' id='word_1_223' title='bbox 423 2204 546 2254; x_wconf 87' lang='lat' dir='ltr'>pietas</span> <span class='ocrx_word' id='word_1_224' title='bbox 579 2204 730 2242; x_wconf 87' lang='lat' dir='ltr'>excidat</span> <span class='ocrx_word' id='word_1_225' title='bbox 761 2206 834 2243; x_wconf 88' lang='lat' dir='ltr'>ista</span> <span class='ocrx_word' id='word_1_226' title='bbox 867 2204 951 2242; x_wconf 87' lang='lat' dir='ltr'>die.</span> 
     </span>
     <span class='ocr_line' id='line_1_36' title="bbox 140 2260 1214 2313; baseline 0.005 -15"><span class='ocrx_word' id='word_1_227' title='bbox 140 2268 181 2298; x_wconf 87' lang='lat'>15</span> <span class='ocrx_word' id='word_1_228' title='bbox 202 2260 247 2299; x_wconf 90' lang='lat' dir='ltr'>Di</span> <span class='ocrx_word' id='word_1_229' title='bbox 279 2260 349 2299; x_wconf 87' lang='lat' dir='ltr'>tibi</span> <span class='ocrx_word' id='word_1_230' title='bbox 381 2262 459 2300; x_wconf 87' lang='lat' dir='ltr'>sint</span> <span class='ocrx_word' id='word_1_231' title='bbox 490 2261 652 2313; x_wconf 80' lang='lat' dir='ltr'>faciles,</span> <span class='ocrx_word' id='word_1_232' title='bbox 684 2262 754 2301; x_wconf 85' lang='lat' dir='ltr'>tibi</span> <span class='ocrx_word' id='word_1_233' title='bbox 787 2262 824 2300; x_wconf 89' lang='lat' dir='ltr'>di</span> <span class='ocrx_word' id='word_1_234' title='bbox 857 2262 1001 2302; x_wconf 89' lang='lat' dir='ltr'>nullius</span> <span class='ocrx_word' id='word_1_235' title='bbox 1034 2275 1214 2311; x_wconf 74' lang='lat' dir='ltr'>egentem</span> 
     </span>
    </p>
   </div>
  </div>
 </body>
</html>
