1601 2484
176 74 232 115 36
726 75 950 108 TRISTIUM

206 191 272 222 505
294 183 469 234 Cumque
502 182 638 221 fefellit
669 193 799 220 amans
831 181 958 233 aliqua
989 184 1157 222 novitate
1191 184 1394 235 maritum,

292 241 494 279 Plauditur
527 246 565 278 et
596 252 735 290 magno
767 239 892 290 palma
923 241 1053 279 favore
1086 241 1226 280 datur.

294 298 484 349 Quodque
517 299 646 336 minus
677 297 869 350 prodest,
900 309 1039 337 scaena
1071 304 1131 338 est
1161 299 1316 338 lucrosa
1346 306 1509 352 poetae,

294 356 495 406 Tantaque
528 367 604 393 non
637 367 756 406 parvo
788 357 950 395 crimina
981 362 1138 407 praetor
1170 358 1285 396 emit.

293 414 445 464 Inspice
477 413 660 452 ludorum
693 420 872 464 sumptus
891 445 902 465 ‚
933 415 1105 465 Auguste
1125 446 1136 466 ‚
1167 420 1349 454 tuorum:

207 481 273 510 510
295 472 433 523 Empta
465 471 536 510 tibi
568 483 707 521 magno
739 472 828 510 talia
860 472 979 510 multa
1011 472 1138 523 leges.

294 530 398 568 Haec
429 535 472 568 tu
505 531 690 580 spectasti
722 530 1008 581 spectandaque
1043 542 1157 581 saepe
1190 530 1353 581 dedisti,
1380 552 1434 558 —

292 588 472 627 Maiestas
504 588 598 626 adeo
631 589 753 626 comis
784 586 929 638 ubique
961 593 1027 626 tua
1059 593 1119 626 est
1148 610 1196 615 —

294 646 604 696 Luminibusque
637 647 743 696 tuis,
774 650 881 684 totus
914 645 1056 696 quibus
1088 647 1212 684 utitur
1244 645 1376 698 orbis,

296 705 481 743 Scaenica
511 704 640 742 vidisti
671 703 801 741 lentus
833 703 1049 741 adulteria.

208 770 274 801 515
297 762 477 801 Scribere
511 763 543 800 si
575 762 630 799 fas
663 766 723 799 est
754 763 950 799 imitantes
981 762 1111 811 turpia
1143 762 1305 812 mimos,

294 821 477 859 Materiae
509 821 636 858 minor
669 825 727 858 est
759 819 887 857 debita
918 831 1042 870 poena
1075 831 1194 857 meae.

295 880 352 917 An
385 891 508 929 genus
540 878 614 916 hoc
647 879 783 928 scripti
814 878 961 916 faciunt
993 889 1062 915 sua
1093 877 1241 928 pulpita
1274 884 1428 930 tutum,

297 936 488 987 Quodque
520 936 640 986 licet,
671 937 799 973 mimis
833 947 970 974 scaena
1001 935 1121 974 licere
1154 933 1293 974 dedit?

296 994 345 1033 Et
375 1007 461 1033 mea
493 1001 584 1032 sunt
615 993 758 1044 populo
791 993 926 1032 saltata
958 999 1136 1044 poemata
1168 1005 1306 1045 saepe,

210 1061 276 1092 520
299 1053 420 1103 Saepe
454 1052 588 1105 ocul—os
621 1054 736 1090 etiam
769 1052 972 1090 detinuere
1004 1057 1116 1090 tuos.

299 1111 457 1149 Scilicet
487 1113 527 1148 in
559 1109 738 1148 domibus
771 1111 916 1148 nostris
948 1115 992 1148 ut
1023 1111 1150 1159 prisca
1183 1111 1355 1148 virorum

297 1169 468 1207 Artificis
501 1167 650 1217 fulgent
681 1179 845 1218 corpora
876 1169 978 1218 picta
1011 1179 1150 1218 manu,

299 1227 362 1265 Sic
381 1258 392 1277 ‚
425 1238 523 1277 quae
556 1225 788 1264 concubitus
820 1227 948 1263 varios
979 1227 1211 1275 venerisque
1244 1225 1388 1276 figuras

297 1285 527 1337 Exprimat‚
561 1290 619 1322 est
651 1283 778 1333 aliquo
811 1295 928 1334 parva
959 1282 1098 1321 tabella
1131 1283 1240 1322 loco.

212 1352 278 1382 525
299 1343 426 1394 thue
461 1343 570 1381 sedet
601 1341 711 1380 vultu
743 1342 870 1380 fassus
902 1341 1151 1380 Telamonius
1183 1343 1307 1392 iram,

300 1401 422 1452 Inque
454 1401 577 1439 oculis
610 1401 760 1438 facinus
792 1399 955 1438 barbara
987 1405 1110 1437 mater
1141 1399 1280 1449 habet,

299 1460 362 1498 Sic
395 1459 568 1497 madidos
601 1460 721 1496 siccat
752 1457 882 1508 digitis
913 1456 1044 1495 Venus
1076 1457 1152 1495 uda
1184 1457 1368 1509 capillos,

298 1518 348 1556 Et
378 1517 493 1555 modo
524 1518 711 1555 maternis
743 1522 844 1554 tecta
875 1515 1029 1554 videtur
1062 1517 1194 1566 aquis.

300 1575 404 1614 Bella
436 1580 576 1614 sonant
607 1574 670 1612 alii
702 1573 789 1612 telis
821 1575 1013 1612 instructa
1046 1575 1246 1624 cruentis,

214 1643 280 1674 530
301 1634 473 1684 Parsque
505 1635 563 1671 tui
594 1634 778 1683 generis,
809 1644 898 1682 pars
931 1637 996 1670 tua
1029 1632 1127 1670 sacta
1160 1638 1326 1670 canunt.

301 1692 431 1731 Invida
464 1703 525 1729 me
557 1692 681 1741 spatio
714 1696 852 1728 natura
885 1691 1059 1728 coercuit
1091 1696 1199 1741 arto,

300 1751 459 1801 Ingenio
490 1751 593 1787 vires
625 1750 860 1799 exiguasque
894 1747 1026 1786 dedit.

300 1809 350 1847 Et
381 1814 509 1846 tamen
542 1807 605 1845 ille
639 1812 728 1845 tuae
760 1807 850 1844 felix
882 1806 1074 1844 Aeneidos
1107 1812 1243 1845 auctor

302 1866 475 1906 Contulit
506 1867 546 1904 in
578 1865 716 1916 Tyrios
749 1877 853 1902 arma
886 1866 1090 1914 virumque
1123 1870 1254 1915 toros,

215 1934 280 1965 535
301 1926 381 1964 Nec
413 1924 554 1975 legitur
587 1935 675 1974 pars
710 1922 785 1962 ulla
818 1924 938 1973 magis
972 1923 1017 1961 de
1051 1935 1215 1974 corpore
1247 1928 1354 1974 toto,

303 1984 426 2029 Quam
459 1995 537 2021 non
569 1982 741 2032 legitimo
775 1980 931 2020 foedere
963 1982 1121 2020 iunctus
1153 1993 1283 2019 amor.

302 2041 488 2093 Phyllidis
521 2040 584 2079 hic
615 2039 718 2078 idem
751 2046 986 2089 teneraeque
1018 2039 1262 2090 Amaryllidis
1294 2041 1402 2090 ignes

302 2099 496 2139 Bucolicis
528 2099 680 2137 iuvenis
712 2097 858 2136 luserat
890 2103 977 2136 ante
1011 2097 1158 2136 modis.

304 2159 382 2197 Nos
416 2169 572 2209 quoque
605 2158 680 2195 iam
712 2155 864 2207 pridem
897 2157 1042 2206 scripto
1075 2157 1322 2207 peccavimus
1354 2159 1452 2196 isio:

218 2226 283 2256 540
306 2216 549 2268 Supplicium
581 2216 728 2267 patitur
760 2227 836 2253 non
869 2226 965 2252 nova
998 2213 1110 2264 culpa
1142 2226 1312 2266 novum3

306 2276 562 2325 Carminaque
597 2273 823 2324 edideram,
856 2285 946 2311 cum
977 2278 1015 2311 te
1048 2272 1189 2311 delicta
1221 2279 1418 2312 notantem
