1575 2489
177 116 262 157 128
719 116 784 147 Ex
807 115 963 148 PONTO

232 234 273 264 15
294 225 486 274 Tempore
520 224 685 262 ducetur
716 222 830 273 longo
863 223 1027 261 fortasse
1059 223 1244 273 cicatrix3

352 282 522 320 Horrent
553 281 726 319 admotas
757 280 919 319 vulnera
950 280 1070 319 cruda
1100 292 1261 318 manus.

294 340 378 378 Non
411 345 470 377 est
500 341 541 377 in
566 338 715 377 medico
749 350 931 389 semper,
963 338 1159 376 relevetur
1191 344 1234 376 ut
1266 350 1404 389 aeger.
1452 348 1509 378 (12)

353 397 552 435 Interdum
585 396 696 435 docta
728 396 815 446 plus
848 395 947 435 valet
978 402 1061 434 arte
1093 395 1259 434 malum.

295 455 432 494 Cernis
452 486 462 506 ,
494 461 538 493 ut
570 467 590 493 e
622 453 728 492 molli
760 455 916 504 sanguis
947 454 1129 504 pulmone
1162 455 1351 492 remissus

231 522 274 552 20
354 513 412 551 Ad
445 513 597 564 Stygias
629 518 737 551 certo
769 511 890 550 limite
923 512 1039 550 ducat
1071 523 1209 562 aquas.

295 572 440 609 Afferat
470 572 553 621 ipse
584 570 676 609 licet
707 582 836 608 sacras
867 569 1103 620 Epidaurius
1135 569 1301 618 herbas!

355 629 514 667 Sanabit
545 628 648 667 nulla
681 628 840 666 vulnera
873 628 1001 666 cordis
1033 640 1128 678 ope.

295 687 447 725 Tollere
481 687 666 725 nodosam
698 687 823 725 nescit
854 685 1045 724 medicina
1077 685 1311 739 podagram,

353 745 433 783 Nec
466 745 681 783 formidatis
713 743 919 782 auxiliatur
950 745 1083 794 aquis.

231 812 275 842 25
296 804 396 842 Cura
429 815 584 854 quoque
617 803 813 841 interdum
846 802 950 840 nulla
981 801 1221 840 medicabilis
1253 807 1359 853 arte,
1385 822 1429 827 ——

355 862 459 912 Aut,
492 867 535 899 ut
567 862 645 912 sit,
676 860 789 911 longa
822 866 881 899 est
913 860 1156 898 extenuanda
1187 871 1318 898 mora.

297 920 392 958 Cum
423 919 523 958 bene
554 920 760 957 firmarunt
791 920 961 957 animum
993 923 1200 969 praecepta
1232 919 1447 969 iacentem,

355 978 595 1028 Sumptaque
627 983 719 1016 sunt
750 977 861 1015 nobis
893 978 1063 1027 pectoris
1096 988 1201 1014 arma
1233 977 1313 1027 tui,

296 1036 447 1074 Rursus
480 1048 587 1074 amor
618 1037 765 1085 patriae
799 1036 949 1073 ratione
981 1034 1169 1073 valentior
1195 1035 1301 1072 omni

231 1102 276 1132 30
356 1094 466 1139 Quod
499 1099 565 1132 tua
597 1094 775 1132 fecerunt
807 1095 979 1144 scripta,
1012 1093 1153 1131 retexit
1185 1104 1306 1143 opus.

297 1152 385 1189 Sive
417 1153 524 1202 pium
555 1153 612 1189 vis
645 1151 747 1202 hoc,
780 1152 859 1189 sive
891 1151 964 1189 hoc
995 1150 1186 1188 muliebre
1218 1151 1370 1202 vocari,

355 1209 551 1248 Confiteor
583 1211 726 1247 misero
760 1209 873 1247 molle
906 1221 973 1247 cor
1006 1220 1091 1246 esse
1123 1208 1241 1246 mihi.

296 1268 381 1305 Non
413 1267 529 1306 dubia
561 1274 621 1306 est
651 1267 773 1305 Ithaci
804 1267 1041 1318 prudentia:
1074 1267 1141 1304 sed
1174 1272 1303 1305 tamen
1335 1271 1443 1317 optat

354 1326 520 1364 Fumum
554 1326 601 1364 de
632 1326 768 1376 patriis
801 1337 916 1375 posse
949 1325 1079 1363 videre
1111 1325 1230 1363 focis.

231 1393 276 1422 35
297 1384 435 1422 Nescio
469 1397 542 1434 qua
576 1383 700 1422 natale
734 1383 857 1421 solum
890 1383 1094 1422 dulcedine
1127 1387 1289 1421 cunctos

355 1442 498 1493 Ducit,
531 1448 569 1480 et
600 1444 835 1480 inmemores
867 1454 945 1480 non
978 1442 1070 1480 sinit
1102 1453 1188 1479 esse
1221 1442 1304 1480 sui.

298 1501 398 1546 Quid
430 1500 569 1539 melius
602 1500 721 1538 Roma
742 1498 762 1538 ἵ)
813 1499 992 1551 Scythico
1026 1499 1119 1550 quid
1152 1499 1296 1549 frigore
1328 1497 1475 1550 peius?

356 1558 440 1597 Huc
472 1564 602 1597 tamen
634 1571 680 1596 ex
712 1558 775 1596 illa
806 1557 995 1596 barbarus
1029 1557 1124 1596 urbe
1157 1558 1278 1607 sugit.

298 1617 393 1655 Cum
426 1616 524 1655 bene
557 1618 607 1655 sit
638 1616 790 1655 clausae
822 1629 936 1655 cavea
967 1616 1162 1654 Pandione
1194 1620 1328 1667 natae,
1456 1624 1511 1656 (13)

231 1683 277 1714 40
356 1675 504 1713 Nititur
535 1676 575 1713 in
608 1674 721 1712 silvas
753 1674 816 1712 illa
848 1674 976 1712 redire
1010 1686 1119 1713 suas.

296 1733 489 1771 Adsuetos
521 1734 624 1771 tauri
656 1732 805 1784 saltus,
838 1733 997 1771 adsueta
1028 1732 1160 1771 leones
1187 1753 1230 1759 —

354 1791 434 1829 Nec
467 1791 600 1829 feritas
631 1791 717 1829 illos
748 1791 911 1841 impedit
943 1812 985 1818 —
1018 1798 1128 1829 antra
1159 1796 1321 1840 petunt.

298 1849 357 1888 Tu
388 1854 517 1887 tamen
550 1849 654 1887 exilii
686 1861 839 1887 morsus
872 1862 892 1887 e
923 1854 1082 1900 pectore
1115 1854 1250 1887 nostro

355 1907 554 1946 Fomentis
587 1919 720 1958 speras
753 1907 891 1946 cedere
924 1920 1038 1958 posse
1070 1908 1171 1945 tuis.

231 1974 276 2004 45
298 1965 417 2003 Effice
437 1996 447 2016 ‚
480 1978 546 2004 vos
578 1967 654 2016 ipsi
685 1977 733 2003 ne
765 1972 843 2004 tam
874 1965 970 2004 mihi
1002 1967 1086 2004 sitis
1119 1964 1294 2016 amandi,

356 2023 514 2062 Talibus
546 2029 590 2062 ut
620 2023 743 2062 levius
777 2025 826 2062 sit
858 2025 1030 2062 caruisse
1062 2023 1231 2062 malum.

297 2082 346 2120 Αῑ
365 2113 375 2131 ,
407 2087 501 2133 puto
521 2114 531 2134 ‚
565 2094 639 2133 qua
672 2082 819 2120 fueram
853 2083 1036 2133 genitus,
1068 2081 1208 2120 tellure
1241 2080 1390 2119 carenti

355 2139 397 2178 In
430 2146 559 2179 tamen
591 2140 760 2179 humano
792 2141 955 2189 contigit
986 2151 1072 2178 esse
1105 2139 1213 2178 loco.

298 2197 414 2236 Orbis
446 2199 485 2237 in
519 2200 682 2237 extremi
712 2199 818 2236 iaceo
851 2198 1030 2236 desertus
1062 2197 1243 2247 harenis,

233 2264 277 2295 50
356 2255 449 2295 Fert
480 2256 547 2295 ubi
580 2262 788 2307 perpetuas
821 2256 960 2295 obruta
991 2262 1097 2295 terra
1127 2256 1259 2294 nives.

296 2313 381 2353 Non
413 2326 504 2366 ager
535 2314 597 2354 hic
629 2326 817 2367 pomum,
848 2326 926 2353 non
959 2313 1093 2353 dulces
1125 2313 1265 2353 educat
1295 2311 1459 2363 herbas,
