1575 2489
604 45 644 78 v.
676 47 824 78 18—91.
1297 43 1382 85 313

100 162 144 194 55
166 154 320 205 Excipit
351 152 516 193 Uranie:
566 154 694 192 fecere
729 153 881 192 silentia
914 159 1099 206 cunctae,

226 212 275 251 Et
306 224 376 250 vox
410 212 535 250 audiri
566 212 671 251 nulla
701 213 777 250 nisi
808 212 869 250 illa
901 218 1051 263 potest.

166 269 320 322 ‘Magna
353 270 427 309 suit
459 271 653 321 quondam
686 271 823 322 capitis
856 272 1074 309 reverentia
1107 273 1216 323 cani,

223 329 344 380 Inque
378 341 447 367 suo
481 331 606 380 pretio
639 341 734 380 ruga
767 329 901 368 senilis
934 334 1038 368 erat.

162 388 296 426 Martis
328 399 426 438 opus
458 389 618 426 iuvenes
651 389 901 438 animosaque
934 387 1032 426 bella
1064 387 1272 439 gerebant,

99 455 143 486 60
223 445 272 484 Et
302 458 372 497 pro
406 446 463 484 dis
497 446 658 485 aderant
689 448 729 484 in
762 448 927 485 statione
960 447 1064 485 suis:

165 504 319 543 Viribus
352 504 414 543 illa
446 506 574 543 minor
606 517 678 543 nec
710 505 898 543 habendis
932 505 1037 543 utilis
1070 506 1187 543 armis

223 562 392 601 Consilio
425 565 571 614 patriae
605 576 719 614 saepe
753 563 903 602 ferebat
934 575 1047 615 opem

163 621 243 660 Nec
276 623 350 660 nisi
382 628 470 673 post
501 634 622 660 annos
654 623 781 673 patuit
812 628 906 661 tunc
939 623 1048 660 curia
1079 633 1211 675 seros,

222 679 371 719 Nomen
404 686 443 719 et
475 682 610 719 aetatis
642 682 734 719 mite
767 686 925 719 senatus
959 686 1063 719 erat.

99 747 142 779 65
164 738 252 778 Iura
284 738 399 778 dabat
430 739 573 791 populo
608 741 768 791 seni0r3
800 740 985 789 finitaque
1020 740 1137 778 certis

223 797 393 848 Legibus
426 804 486 836 est
517 806 651 849 aetas,
685 798 787 836 unde
819 802 974 848 petatur
1007 797 1152 835 honor.

164 855 212 895 Et
245 856 396 895 medius
429 857 612 895 iuvenum
633 888 643 908 ,
676 868 752 894 non
784 855 1076 906 indignantibus
1108 856 1226 907 ipsis,

222 914 333 967 Ibat,
365 919 404 953 et
434 916 627 966 interior,
660 915 693 952 si
725 926 854 952 comes
887 926 990 952 unus
1023 919 1128 952 erat.

163 972 287 1011 Verba
319 974 406 1024 quis
438 973 601 1011 auderet
632 984 763 1011 coram
796 984 888 1011 sene
921 972 1035 1023 digna
1067 972 1211 1011 rubore

99 1040 143 1072 70
223 1031 359 1070 Dicere
379 1062 390 1083 ,
423 1043 629 1070 censuram
661 1031 775 1081 longa
807 1037 964 1070 senecta
997 1030 1132 1070 dabat.

165 1090 354 1128 Romulus
386 1090 459 1128 hoc
492 1090 586 1128 vidit
619 1090 840 1141 selectaque
873 1096 1031 1140 pectora
1063 1095 1195 1141 patres

224 1149 354 1187 Dixit:
399 1148 445 1187 ad
477 1148 548 1186 hos
581 1148 696 1187 Urbis
729 1160 879 1187 summa
910 1148 1029 1187 relata
1062 1160 1205 1186 novae.

166 1207 263 1246 Hinc
297 1219 366 1246 sua
398 1209 564 1246 maiores
597 1207 781 1246 tribuisse
814 1206 999 1245 vocabula
1030 1206 1129 1245 Maio

223 1266 407 1318 Tangor,
441 1271 480 1304 et
511 1267 627 1304 aetati
660 1265 904 1305 consuluisse
939 1277 1054 1304 suae.

102 1332 144 1364 75
167 1324 215 1364 Et
247 1324 426 1363 Numitor
459 1324 602 1363 dixisse
635 1329 765 1375 potest
797 1321 910 1376 “da,
942 1323 1105 1363 Romule
1124 1355 1135 1376 ,
1168 1335 1342 1363 mensem

225 1382 337 1422 Hunc
370 1379 592 1434 senibus,''
626 1395 698 1421 nec
731 1395 844 1421 avum
876 1384 1112 1421 sustinuisse
1145 1395 1288 1434 nepos.

164 1441 244 1480 Nec
276 1441 358 1480 leve
390 1443 582 1493 propositi
613 1443 754 1493 pignus
787 1453 993 1480 successor
1024 1441 1184 1480 honoris

223 1500 388 1553 Iunius,
422 1512 442 1538 a
474 1501 658 1539 iuvenum
691 1501 847 1538 nomine
881 1500 1036 1551 dictus,
1070 1497 1229 1538 habet.'

165 1559 275 1598 Tunc
308 1559 393 1611 sic,
425 1558 623 1610 neglectos
656 1558 800 1597 hedera
831 1558 1010 1597 redimita
1044 1558 1225 1611 capillos,

102 1625 146 1657 80
225 1617 354 1656 Prima
387 1618 447 1656 sui
480 1618 608 1668 coepit
641 1616 832 1669 Calliopea
865 1617 997 1656 chori:

167 1673 358 1714 ‘Duxerat
389 1675 569 1714 Oceanus
601 1676 797 1726 quondam
829 1675 1006 1714 Titanida
1038 1675 1214 1727 Tethyn,

226 1735 301 1780 Qui
333 1740 477 1773 terram
509 1734 695 1786 liquidis,
729 1747 803 1785 qua
836 1739 970 1786 patet,
1002 1734 1123 1773 ambit
1154 1735 1286 1785 aquis.

167 1793 266 1832 Hinc
299 1798 380 1831 sata
412 1792 569 1831 Pleione
603 1804 692 1832 cum
725 1792 906 1831 caelifero
939 1792 1090 1831 Atlante

225 1850 432 1903 Iungitur,
465 1858 508 1890 ut
539 1852 638 1890 fama
670 1857 758 1903 est,
791 1850 1044 1902 Pleiadasque
1076 1852 1198 1901 parit.

101 1918 144 1950 85
167 1911 340 1956 Quarum
372 1909 469 1948 Maia
503 1922 592 1949 suas
625 1910 748 1948 forma
781 1921 986 1960 superasse
1020 1921 1176 1948 sorores

225 1968 409 2008 Traditur
429 2000 439 2020 ,
472 1975 510 2007 et
542 1981 693 2007 summo
727 1968 986 2007 concubuisse
1019 1967 1121 2006 Iovi.

167 2027 270 2067 llaec
303 2029 415 2066 enixa
447 2029 537 2078 iugo
571 2027 857 2078 cupressiferae
891 2026 1091 2078 Cyllenes,

224 2086 452 2125 Aetherium
484 2085 633 2125 volucri
666 2087 732 2137 qui
764 2085 862 2137 pede
895 2086 1018 2136 carpit
1050 2087 1148 2124 iter.

166 2145 335 2184 Arcades
368 2144 472 2184 hunc
504 2144 715 2196 Ladonque
749 2156 865 2196 rapax
899 2149 938 2183 et
967 2143 1164 2183 Maenalus
1195 2144 1332 2195 ingens

102 2212 146 2243 90
226 2203 312 2242 Rite
346 2204 507 2255 colunt,
539 2203 629 2242 luna
662 2203 809 2242 credita
842 2208 946 2242 terra
978 2203 1108 2253 prior.

166 2262 265 2300 Exul
297 2261 343 2301 ab
375 2262 539 2301 Arcadia
571 2261 700 2301 Latios
732 2261 910 2301 Evander
942 2263 982 2300 in
1014 2273 1127 2313 agros
