1601 2484
194 62 249 104 48
747 64 971 96 TRrsrrUM

250 180 292 210 10
313 171 621 221 pectoribusque
654 170 771 209 dabas
803 170 923 209 multa
956 171 1118 222 tegenda
1151 173 1273 210 meis:

313 229 462 279 Cuique
495 241 564 279 ego
597 228 801 266 narrabam
833 231 977 267 secreti
1008 229 1193 280 quicquid
1226 229 1438 282 habebam,

310 287 484 336 Excepto
518 286 621 336 quod
652 298 714 324 me
745 286 945 337 perdidit,
976 299 1078 325 unus
1111 299 1220 325 eras.

311 345 353 382 Id
386 356 541 394 quoque
574 345 607 382 si
638 345 808 395 scisses,
840 344 943 382 salvo
974 345 1150 383 fruerere
1184 344 1329 397 sodali,

312 402 561 453 Consilioque
594 402 719 440 forem
751 413 915 453 sospes,
947 404 1068 441 amice
1087 433 1098 454 ,
1130 408 1220 441 tu0.

250 468 290 499 15
313 460 389 498 Sed
420 472 506 499 mea
537 472 597 498 me
630 461 669 498 in
701 472 865 510 poenam
896 461 1080 499 nimirum
1113 461 1188 499 fata
1220 460 1449 501 trahebant:

311 518 434 557 Omne
466 518 589 556 bonae
622 517 803 556 claudent
834 518 1011 556 utilitatis
1043 520 1142 557 iter.

313 576 401 615 Sive
433 576 575 615 malum
608 577 717 626 potui
748 582 876 614 tamen
908 576 982 614 hoc
1014 578 1134 615 vitare
1168 577 1361 628 cavendo,

313 635 391 673 Seu
422 636 521 673 ratio
554 634 674 672 fatum
706 635 862 672 vincere
894 634 999 672 nulla
1030 634 1154 673 valet:

311 693 371 731 Tu
402 697 559 743 tamen,
592 705 613 730 o
646 692 758 730 nobis
790 703 865 730 usu
896 693 1141 730 iunctissime
1172 692 1314 742 longo,

248 758 291 789 20
311 750 405 789 Pars
437 750 623 789 desiderii
653 752 818 788 maxima
849 762 970 801 paene
1003 751 1105 801 mei,

313 809 374 847 Sis
405 821 554 847 memor
573 840 584 860 ,
616 815 654 847 et
686 810 817 859 siquas
850 810 942 847 fecit
972 807 1043 846 tibi
1074 809 1196 858 gratia
1228 809 1356 858 vires,

312 867 399 905 Illas
430 879 501 918 pro
534 867 646 905 nobis
678 868 879 917 experiare
900 898 910 917 ,
942 878 1058 917 rogo,

311 925 490 963 Numinis
522 930 565 963 ut
597 925 690 963 laesi
722 925 788 963 fiat
818 926 1058 963 mansuetior
1090 925 1170 975 ira,

311 983 536 1033 Mutatoque
570 985 697 1021 minor
729 984 779 1020 sit
811 995 895 1020 mea
928 994 1051 1032 poena
1084 982 1191 1021 loco.

247 1049 291 1079 25
312 1041 432 1091 quue
464 1043 545 1092 ita,
578 1043 611 1079 si
644 1040 791 1079 nullum
825 1041 952 1079 scelus
985 1046 1044 1078 est
1076 1042 1119 1078 in'
1147 1044 1305 1090 pectore
1339 1045 1498 1092 nostro,

311 1099 633 1149 Principiumque
666 1100 742 1137 mei
774 1100 949 1136 criminis
981 1110 1092 1136 error
1124 1097 1262 1136 habet.

311 1157 390 1195 Nec
422 1156 539 1195 breve
578 1169 650 1195 nec
682 1162 838 1208 tutum,
871 1169 947 1207 quo
981 1158 1059 1194 sint
1089 1167 1203 1206 mea,
1236 1156 1366 1194 dicere
1385 1186 1396 1207 ,
1435 1167 1526 1196 casu

310 1214 475 1253 Lumina
506 1215 652 1253 funesti
685 1216 838 1253 conscia
870 1215 969 1252 facta
1001 1214 1114 1265 mali3

310 1272 497 1324 Mensque
530 1273 787 1323 reformidat,
819 1272 940 1310 veluti
971 1284 1040 1311 sua
1072 1271 1261 1323 vulnera,
1292 1277 1446 1322 tempus

247 1339 291 1369 30
311 1331 407 1369 Illud
428 1362 438 1382 ,
470 1336 509 1369 et
540 1331 739 1369 admonitu
771 1332 814 1369 fit
845 1342 967 1369 novus
999 1332 1081 1381 ipse
1114 1329 1268 1381 pudor,

310 1389 359 1427 Et
392 1401 660 1440 quaecumque
693 1389 788 1427 adeo
821 1395 986 1439 possunt
1017 1389 1156 1426 afferre
1188 1388 1378 1438 pudorem
1398 1419 1408 1435 ‚

311 1447 378 1485 Illa
410 1449 488 1497 tegi
519 1459 632 1485 caeca
666 1447 820 1485 condita
851 1452 965 1485 nocte
998 1446 1110 1484 decet
1130 1475 1138 1485 .

311 1505 372 1543 Nil
404 1507 523 1556 igitur
555 1505 720 1543 reseram
739 1537 749 1555 ,
782 1506 857 1543 nisi
889 1517 948 1543 me
981 1516 1164 1555 peccasse
1184 1534 1195 1555 ,
1228 1503 1295 1541 sed
1328 1503 1392 1541 illo

310 1563 485 1601 Praemia
516 1568 675 1614 peccato
708 1562 811 1601 nulla
843 1564 963 1613 petita
995 1562 1112 1613 mihi,

247 1629 290 1660 35
313 1621 601 1671 stultitiamque
635 1633 763 1659 meum
798 1623 944 1659 crimen
977 1620 1119 1659 debere
1152 1620 1305 1671 vocari,

311 1679 474 1717 Nomina
506 1681 539 1717 si
571 1680 671 1717 sacto
704 1678 868 1717 reddere
901 1691 990 1717 vera
1021 1678 1145 1717 velis.

311 1737 417 1783 Quae
449 1739 483 1776 si
514 1749 592 1775 non
623 1739 674 1775 ita
708 1743 799 1775 sunt
820 1758 877 1764 —
904 1736 1049 1788 alium,
1084 1749 1160 1787 quo
1193 1735 1347 1786 longius
1379 1735 1525 1786 absim,

312 1794 488 1841 Quaere!
516 1817 571 1824 —
598 1794 821 1834 suburbana
853 1801 913 1834 est
944 1795 1005 1834 bic
1039 1795 1136 1833 mihi
1167 1800 1272 1833 terra
1303 1793 1434 1833 locus.

808 1923 911 1969 VII.

310 2028 412 2067 Vade
446 2028 682 2080 salutatum,
714 2027 843 2066 subito
876 2033 1082 2079 perarata,
1114 2026 1316 2078 Perillam,

310 2086 486 2138 Littera,
519 2088 709 2126 sermonis
741 2086 815 2124 fida
849 2088 1025 2124 ministra
1057 2085 1157 2124 mei!

310 2146 387 2183 Aut
419 2145 522 2183 illam
554 2146 730 2183 invenies
763 2144 866 2182 dulci
898 2156 986 2182 cum
1019 2150 1141 2182 matre
1174 2143 1397 2195 sedentem,

310 2203 386 2241 Aut
419 2205 522 2242 inter
554 2203 674 2242 libros
707 2202 959 2253 Pieridasque
993 2214 1104 2240 suas.

270 2267 290 2298 5
313 2260 508 2314 Quicquid
541 2267 656 2314 aget,
689 2273 777 2301 cum
809 2267 847 2299 te
881 2262 1014 2300 scierit
1046 2262 1228 2313 venisse,
1260 2259 1479 2311 relinquet,
