<?xml version="1.0" encoding="UTF-8"?>
<!DOCTYPE html PUBLIC "-//W3C//DTD XHTML 1.0 Transitional//EN"
    "http://www.w3.org/TR/xhtml1/DTD/xhtml1-transitional.dtd">
<html xmlns="http://www.w3.org/1999/xhtml" xml:lang="en" lang="en">
 <head>
  <title>
</title>
<meta http-equiv="Content-Type" content="text/html;charset=utf-8" />
  <meta name='ocr-system' content='tesseract 3.04.00' />
  <meta name='ocr-capabilities' content='ocr_page ocr_carea ocr_par ocr_line ocrx_word'/>
</head>
<body>
  <div class='ocr_page' id='page_1' title='image "./operaovid01oviduoft_0223.png"; bbox 0 0 1575 2489; ppageno 0'>
   <div class='ocr_carea' id='block_1_1' title="bbox 528 77 1382 119">
    <p class='ocr_par' dir='ltr' id='par_1_1' title="bbox 528 77 1382 119">
     <span class='ocr_line' id='line_1_1' title="bbox 528 77 1382 119; baseline 0.009 -9"><span class='ocrx_word' id='word_1_1' title='bbox 528 78 591 111; x_wconf 87' lang='grc' dir='ltr'><strong>ΙΙΙ.</strong></span> <span class='ocrx_word' id='word_1_2' title='bbox 617 87 665 112; x_wconf 89' lang='lat'>111</span> <span class='ocrx_word' id='word_1_3' title='bbox 684 81 843 112; x_wconf 82' lang='lat'><strong>46—1111</strong></span> <span class='ocrx_word' id='word_1_4' title='bbox 865 81 894 113; x_wconf 82' lang='lat'>7.</span> <span class='ocrx_word' id='word_1_5' title='bbox 1300 77 1382 119; x_wconf 83' lang='lat'>175</span> 
     </span>
    </p>
   </div>
   <div class='ocr_carea' id='block_1_2' title="bbox 77 185 1381 1754">
    <p class='ocr_par' dir='ltr' id='par_1_2' title="bbox 77 185 1381 1754">
     <span class='ocr_line' id='line_1_2' title="bbox 165 185 1152 239; baseline 0.001 -15"><span class='ocrx_word' id='word_1_6' title='bbox 165 185 271 224; x_wconf 90' lang='lat' dir='ltr'>Pone</span> <span class='ocrx_word' id='word_1_7' title='bbox 305 191 432 224; x_wconf 87' lang='lat' dir='ltr'>metus</span> <span class='ocrx_word' id='word_1_8' title='bbox 463 186 612 236; x_wconf 86' lang='lat' dir='ltr'>igitur:</span> <span class='ocrx_word' id='word_1_9' title='bbox 656 188 834 225; x_wconf 83' lang='lat' dir='ltr'><strong>mitescet</strong></span> <span class='ocrx_word' id='word_1_10' title='bbox 865 186 1040 225; x_wconf 81' lang='lat' dir='ltr'>Caesaris</span> <span class='ocrx_word' id='word_1_11' title='bbox 1071 188 1152 239; x_wconf 90' lang='lat' dir='ltr'>ira,</span> 
     </span>
     <span class='ocr_line' id='line_1_3' title="bbox 223 243 1006 284; baseline 0.004 -3"><span class='ocrx_word' id='word_1_12' title='bbox 223 243 272 282; x_wconf 90' lang='lat' dir='ltr'>Et</span> <span class='ocrx_word' id='word_1_13' title='bbox 303 245 432 282; x_wconf 83' lang='lat' dir='ltr'>veniet</span> <span class='ocrx_word' id='word_1_14' title='bbox 463 246 562 282; x_wconf 90' lang='lat' dir='ltr'>votis</span> <span class='ocrx_word' id='word_1_15' title='bbox 594 244 747 283; x_wconf 90' lang='lat' dir='ltr'>mollior</span> <span class='ocrx_word' id='word_1_16' title='bbox 778 245 873 283; x_wconf 89' lang='lat' dir='ltr'>hora</span> <span class='ocrx_word' id='word_1_17' title='bbox 905 247 1006 284; x_wconf 88' lang='lat' dir='ltr'>tuis.</span> 
     </span>
     <span class='ocr_line' id='line_1_4' title="bbox 101 301 1309 356; baseline 0.001 -15"><span class='ocrx_word' id='word_1_18' title='bbox 101 310 144 341; x_wconf 85' lang='lat'>85</span> <span class='ocrx_word' id='word_1_19' title='bbox 165 301 268 340; x_wconf 85' lang='lat' dir='ltr'>Neve</span> <span class='ocrx_word' id='word_1_20' title='bbox 306 313 454 340; x_wconf 89' lang='lat' dir='ltr'>moram</span> <span class='ocrx_word' id='word_1_21' title='bbox 492 303 659 356; x_wconf 82' lang='lat' dir='ltr'>timeas,</span> <span class='ocrx_word' id='word_1_22' title='bbox 698 309 880 355; x_wconf 85' lang='lat' dir='ltr'>tempus,</span> <span class='ocrx_word' id='word_1_23' title='bbox 919 304 1022 353; x_wconf 85' lang='lat' dir='ltr'>quod</span> <span class='ocrx_word' id='word_1_24' title='bbox 1063 304 1309 355; x_wconf 81' lang='lat' dir='ltr'>quaerimus,</span> 
     </span>
     <span class='ocr_line' id='line_1_5' title="bbox 887 363 1029 414; baseline 0.007 -15"><span class='ocrx_word' id='word_1_25' title='bbox 887 363 1029 414; x_wconf 88' lang='lat' dir='ltr'>instat,</span> 
     </span>
     <span class='ocr_line' id='line_1_6' title="bbox 224 417 1218 470; baseline 0.001 -14"><span class='ocrx_word' id='word_1_26' title='bbox 224 418 450 468; x_wconf 88' lang='lat' dir='ltr'>Cunctaque</span> <span class='ocrx_word' id='word_1_27' title='bbox 482 417 650 458; x_wconf 88' lang='lat' dir='ltr'>laetitiae</span> <span class='ocrx_word' id='word_1_28' title='bbox 682 419 794 470; x_wconf 88' lang='lat' dir='ltr'>plena</span> <span class='ocrx_word' id='word_1_29' title='bbox 828 419 1048 470; x_wconf 89' lang='lat' dir='ltr'>triumphus</span> <span class='ocrx_word' id='word_1_30' title='bbox 1080 418 1218 458; x_wconf 88' lang='lat' dir='ltr'>habet.</span> 
     </span>
     <span class='ocr_line' id='line_1_7' title="bbox 164 476 1381 529; baseline 0.002 -14"><span class='ocrx_word' id='word_1_31' title='bbox 164 476 264 515; x_wconf 86' lang='lat' dir='ltr'>Dum</span> <span class='ocrx_word' id='word_1_32' title='bbox 298 477 436 515; x_wconf 90' lang='lat' dir='ltr'>domus</span> <span class='ocrx_word' id='word_1_33' title='bbox 469 482 507 515; x_wconf 89' lang='lat' dir='ltr'>et</span> <span class='ocrx_word' id='word_1_34' title='bbox 539 479 646 525; x_wconf 86' lang='lat' dir='ltr'>nati,</span> <span class='ocrx_word' id='word_1_35' title='bbox 679 478 770 516; x_wconf 90' lang='lat' dir='ltr'>dum</span> <span class='ocrx_word' id='word_1_36' title='bbox 803 484 926 517; x_wconf 87' lang='lat' dir='ltr'>mater</span> <span class='ocrx_word' id='word_1_37' title='bbox 957 477 1063 516; x_wconf 91' lang='lat' dir='ltr'>Livia</span> <span class='ocrx_word' id='word_1_38' title='bbox 1095 478 1262 529; x_wconf 85' lang='lat' dir='ltr'>gaudet,</span> <span class='ocrx_word' id='word_1_39' title='bbox 1324 485 1381 518; x_wconf 83' lang='lat'>(88)</span> 
     </span>
     <span class='ocr_line' id='line_1_8' title="bbox 223 534 1263 587; baseline 0.002 -15"><span class='ocrx_word' id='word_1_40' title='bbox 223 535 321 573; x_wconf 86' lang='lat' dir='ltr'>Dum</span> <span class='ocrx_word' id='word_1_41' title='bbox 353 534 527 585; x_wconf 81' lang='lat' dir='ltr'>gaudes,</span> <span class='ocrx_word' id='word_1_42' title='bbox 558 537 706 585; x_wconf 78' lang='lat' dir='ltr'>patriae</span> <span class='ocrx_word' id='word_1_43' title='bbox 739 548 875 587; x_wconf 80' lang='lat' dir='ltr'>magne</span> <span class='ocrx_word' id='word_1_44' title='bbox 909 536 1097 587; x_wconf 88' lang='lat' dir='ltr'>ducisque</span> <span class='ocrx_word' id='word_1_45' title='bbox 1130 542 1263 586; x_wconf 88' lang='lat' dir='ltr'>pater:</span> 
     </span>
     <span class='ocr_line' id='line_1_9' title="bbox 163 592 1320 646; baseline 0.002 -16"><span class='ocrx_word' id='word_1_46' title='bbox 163 593 267 631; x_wconf 88' lang='lat' dir='ltr'>Dum</span> <span class='ocrx_word' id='word_1_47' title='bbox 300 592 374 631; x_wconf 90' lang='lat' dir='ltr'>sibi</span> <span class='ocrx_word' id='word_1_48' title='bbox 406 599 581 643; x_wconf 76' lang='lat' dir='ltr'>gratatur</span> <span class='ocrx_word' id='word_1_49' title='bbox 612 594 809 646; x_wconf 88' lang='lat' dir='ltr'>populus,</span> <span class='ocrx_word' id='word_1_50' title='bbox 841 600 1040 645; x_wconf 85' lang='lat' dir='ltr'>totamque</span> <span class='ocrx_word' id='word_1_51' title='bbox 1073 606 1144 645; x_wconf 87' lang='lat' dir='ltr'>per</span> <span class='ocrx_word' id='word_1_52' title='bbox 1177 592 1320 632; x_wconf 80' lang='lat' dir='ltr'>Urbem</span> 
     </span>
     <span class='ocr_line' id='line_1_10' title="bbox 100 651 998 704; baseline 0.001 -14"><span class='ocrx_word' id='word_1_53' title='bbox 100 659 143 690; x_wconf 83' lang='grc'>90</span> <span class='ocrx_word' id='word_1_54' title='bbox 223 651 358 690; x_wconf 89' lang='lat' dir='ltr'>Omnis</span> <span class='ocrx_word' id='word_1_55' title='bbox 391 651 561 690; x_wconf 87' lang='lat' dir='ltr'>odoratis</span> <span class='ocrx_word' id='word_1_56' title='bbox 593 652 748 702; x_wconf 85' lang='lat' dir='ltr'>ignibus</span> <span class='ocrx_word' id='word_1_57' title='bbox 780 665 845 691; x_wconf 88' lang='lat' dir='ltr'>ara</span> <span class='ocrx_word' id='word_1_58' title='bbox 877 652 998 704; x_wconf 90' lang='lat' dir='ltr'>calet,</span> 
     </span>
     <span class='ocr_line' id='line_1_11' title="bbox 165 709 1278 761; baseline 0.001 -14"><span class='ocrx_word' id='word_1_59' title='bbox 165 709 264 747; x_wconf 86' lang='lat' dir='ltr'>Dum</span> <span class='ocrx_word' id='word_1_60' title='bbox 298 709 430 748; x_wconf 83' lang='lat' dir='ltr'>faciles</span> <span class='ocrx_word' id='word_1_61' title='bbox 463 710 590 748; x_wconf 88' lang='lat' dir='ltr'>aditus</span> <span class='ocrx_word' id='word_1_62' title='bbox 621 710 783 761; x_wconf 90' lang='lat' dir='ltr'>praebet</span> <span class='ocrx_word' id='word_1_63' title='bbox 814 710 1034 749; x_wconf 88' lang='lat' dir='ltr'>venerabile</span> <span class='ocrx_word' id='word_1_64' title='bbox 1067 710 1278 761; x_wconf 90' lang='lat' dir='ltr'>templum,</span> 
     </span>
     <span class='ocr_line' id='line_1_12' title="bbox 224 765 1261 819; baseline 0 -13"><span class='ocrx_word' id='word_1_65' title='bbox 224 767 468 819; x_wconf 88' lang='lat' dir='ltr'>Sperandum</span> <span class='ocrx_word' id='word_1_66' title='bbox 502 773 561 807; x_wconf 86' lang='lat' dir='ltr'>est</span> <span class='ocrx_word' id='word_1_67' title='bbox 593 774 745 807; x_wconf 89' lang='lat' dir='ltr'>nostras</span> <span class='ocrx_word' id='word_1_68' title='bbox 777 781 891 819; x_wconf 90' lang='lat' dir='ltr'>posse</span> <span class='ocrx_word' id='word_1_69' title='bbox 924 768 1050 807; x_wconf 87' lang='lat' dir='ltr'>valere</span> <span class='ocrx_word' id='word_1_70' title='bbox 1083 780 1221 819; x_wconf 88' lang='lat' dir='ltr'>preces</span> <span class='ocrx_word' id='word_1_71' title='bbox 1238 765 1261 806; x_wconf 85' lang='lat'>.&#39;</span> 
     </span>
     <span class='ocr_line' id='line_1_13' title="bbox 164 825 1265 877; baseline 0 -13"><span class='ocrx_word' id='word_1_72' title='bbox 164 825 295 877; x_wconf 81' lang='lat' dir='ltr'>Dixit,</span> <span class='ocrx_word' id='word_1_73' title='bbox 328 832 367 865; x_wconf 86' lang='lat' dir='ltr'>et</span> <span class='ocrx_word' id='word_1_74' title='bbox 398 832 464 865; x_wconf 88' lang='lat' dir='ltr'>aut</span> <span class='ocrx_word' id='word_1_75' title='bbox 495 826 557 864; x_wconf 88' lang='lat' dir='ltr'>ille</span> <span class='ocrx_word' id='word_1_76' title='bbox 592 833 650 865; x_wconf 90' lang='lat' dir='ltr'>est</span> <span class='ocrx_word' id='word_1_77' title='bbox 681 833 819 865; x_wconf 86' lang='lat' dir='ltr'>tenues</span> <span class='ocrx_word' id='word_1_78' title='bbox 852 827 1023 877; x_wconf 87' lang='lat' dir='ltr'>dilapsus</span> <span class='ocrx_word' id='word_1_79' title='bbox 1054 828 1095 864; x_wconf 87' lang='lat' dir='ltr'>in</span> <span class='ocrx_word' id='word_1_80' title='bbox 1128 838 1265 877; x_wconf 90' lang='lat' dir='ltr'>auras,</span> 
     </span>
     <span class='ocr_line' id='line_1_14' title="bbox 223 884 1036 935; baseline 0 -13"><span class='ocrx_word' id='word_1_81' title='bbox 223 884 447 934; x_wconf 88' lang='lat' dir='ltr'>Coeperunt</span> <span class='ocrx_word' id='word_1_82' title='bbox 479 896 618 923; x_wconf 87' lang='lat' dir='ltr'>sensus</span> <span class='ocrx_word' id='word_1_83' title='bbox 651 890 717 923; x_wconf 88' lang='lat' dir='ltr'>aut</span> <span class='ocrx_word' id='word_1_84' title='bbox 749 884 906 935; x_wconf 87' lang='lat' dir='ltr'>vigilare</span> <span class='ocrx_word' id='word_1_85' title='bbox 938 886 1036 923; x_wconf 88' lang='lat' dir='ltr'>mei.</span> 
     </span>
     <span class='ocr_line' id='line_1_15' title="bbox 100 942 1302 995; baseline 0 -14"><span class='ocrx_word' id='word_1_86' title='bbox 100 950 143 981; x_wconf 82' lang='lat'>95</span> <span class='ocrx_word' id='word_1_87' title='bbox 166 942 206 981; x_wconf 89' lang='lat' dir='ltr'>Si</span> <span class='ocrx_word' id='word_1_88' title='bbox 238 942 442 994; x_wconf 78' lang='lat' dir='ltr'>dubitem,</span> <span class='ocrx_word' id='word_1_89' title='bbox 474 943 601 981; x_wconf 82' lang='lat' dir='ltr'>faveas</span> <span class='ocrx_word' id='word_1_90' title='bbox 635 944 728 993; x_wconf 89' lang='lat' dir='ltr'>quin</span> <span class='ocrx_word' id='word_1_91' title='bbox 760 943 820 981; x_wconf 89' lang='lat' dir='ltr'>his</span> <span class='ocrx_word' id='word_1_92' title='bbox 840 974 850 994; x_wconf 86' lang='lat'>,</span> <span class='ocrx_word' id='word_1_93' title='bbox 882 955 903 980; x_wconf 97' lang='lat' dir='ltr'>o</span> <span class='ocrx_word' id='word_1_94' title='bbox 936 943 1129 995; x_wconf 82' lang='lat' dir='ltr'>Maxime,</span> <span class='ocrx_word' id='word_1_95' title='bbox 1162 942 1302 994; x_wconf 86' lang='lat' dir='ltr'>dictis,</span> 
     </span>
     <span class='ocr_line' id='line_1_16' title="bbox 221 1001 1082 1052; baseline 0 -13"><span class='ocrx_word' id='word_1_96' title='bbox 221 1001 441 1039; x_wconf 90' lang='lat' dir='ltr'>Memnonio</span> <span class='ocrx_word' id='word_1_97' title='bbox 474 1013 616 1051; x_wconf 85' lang='lat' dir='ltr'>cycnos</span> <span class='ocrx_word' id='word_1_98' title='bbox 649 1013 733 1039; x_wconf 90' lang='lat' dir='ltr'>esse</span> <span class='ocrx_word' id='word_1_99' title='bbox 767 1001 896 1039; x_wconf 86' lang='lat' dir='ltr'>colore</span> <span class='ocrx_word' id='word_1_100' title='bbox 928 1007 1082 1052; x_wconf 91' lang='lat' dir='ltr'>putem.</span> 
     </span>
     <span class='ocr_line' id='line_1_17' title="bbox 163 1059 1210 1111; baseline 0 -13"><span class='ocrx_word' id='word_1_101' title='bbox 163 1059 239 1098; x_wconf 89' lang='lat' dir='ltr'>Sed</span> <span class='ocrx_word' id='word_1_102' title='bbox 272 1071 399 1110; x_wconf 87' lang='lat' dir='ltr'>neque</span> <span class='ocrx_word' id='word_1_103' title='bbox 432 1065 603 1098; x_wconf 89' lang='lat' dir='ltr'>mutatur</span> <span class='ocrx_word' id='word_1_104' title='bbox 635 1060 744 1110; x_wconf 84' lang='lat' dir='ltr'>nigra</span> <span class='ocrx_word' id='word_1_105' title='bbox 775 1061 861 1111; x_wconf 90' lang='lat' dir='ltr'>pice</span> <span class='ocrx_word' id='word_1_106' title='bbox 893 1059 1041 1098; x_wconf 89' lang='lat' dir='ltr'>lacteus</span> <span class='ocrx_word' id='word_1_107' title='bbox 1073 1071 1210 1111; x_wconf 88' lang='lat' dir='ltr'>umor,</span> 
     </span>
     <span class='ocr_line' id='line_1_18' title="bbox 221 1117 1319 1170; baseline 0 -14"><span class='ocrx_word' id='word_1_108' title='bbox 221 1117 330 1169; x_wconf 92' lang='lat' dir='ltr'>Nec,</span> <span class='ocrx_word' id='word_1_109' title='bbox 364 1117 466 1167; x_wconf 87' lang='lat' dir='ltr'>quod</span> <span class='ocrx_word' id='word_1_110' title='bbox 499 1123 583 1155; x_wconf 87' lang='lat' dir='ltr'>erat</span> <span class='ocrx_word' id='word_1_111' title='bbox 615 1118 814 1170; x_wconf 85' lang='lat' dir='ltr'>candens,</span> <span class='ocrx_word' id='word_1_112' title='bbox 845 1118 888 1156; x_wconf 89' lang='lat' dir='ltr'>fit</span> <span class='ocrx_word' id='word_1_113' title='bbox 920 1117 1166 1156; x_wconf 79' lang='lat' dir='ltr'>terebinthus</span> <span class='ocrx_word' id='word_1_114' title='bbox 1200 1118 1319 1156; x_wconf 89' lang='lat' dir='ltr'>ebur.</span> 
     </span>
     <span class='ocr_line' id='line_1_19' title="bbox 165 1175 1328 1228; baseline 0.001 -14"><span class='ocrx_word' id='word_1_115' title='bbox 165 1176 407 1214; x_wconf 89' lang='lat' dir='ltr'>Conveniens</span> <span class='ocrx_word' id='word_1_116' title='bbox 439 1177 566 1214; x_wconf 92' lang='lat' dir='ltr'>animo</span> <span class='ocrx_word' id='word_1_117' title='bbox 599 1188 722 1226; x_wconf 84' lang='lat' dir='ltr'>genus</span> <span class='ocrx_word' id='word_1_118' title='bbox 754 1181 814 1215; x_wconf 92' lang='lat' dir='ltr'>est</span> <span class='ocrx_word' id='word_1_119' title='bbox 845 1175 944 1215; x_wconf 87' lang='lat' dir='ltr'>tibi.</span> <span class='ocrx_word' id='word_1_120' title='bbox 1000 1176 1129 1214; x_wconf 86' lang='lat' dir='ltr'>nobile</span> <span class='ocrx_word' id='word_1_121' title='bbox 1162 1188 1328 1228; x_wconf 90' lang='lat' dir='ltr'>namque</span> 
     </span>
     <span class='ocr_line' id='line_1_20' title="bbox 77 1233 1142 1285; baseline 0 -12"><span class='ocrx_word' id='word_1_122' title='bbox 77 1243 142 1274; x_wconf 90' lang='lat'>100</span> <span class='ocrx_word' id='word_1_123' title='bbox 220 1234 363 1273; x_wconf 82' lang='lat' dir='ltr'>Pectus</span> <span class='ocrx_word' id='word_1_124' title='bbox 396 1240 434 1272; x_wconf 91' lang='lat' dir='ltr'>et</span> <span class='ocrx_word' id='word_1_125' title='bbox 465 1233 679 1273; x_wconf 87' lang='lat' dir='ltr'>Herculeae</span> <span class='ocrx_word' id='word_1_126' title='bbox 711 1234 968 1285; x_wconf 85' lang='lat' dir='ltr'>simplicitatis</span> <span class='ocrx_word' id='word_1_127' title='bbox 1000 1234 1142 1273; x_wconf 81' lang='lat' dir='ltr'>habes,</span> 
     </span>
     <span class='ocr_line' id='line_1_21' title="bbox 163 1292 1248 1345; baseline 0.001 -15"><span class='ocrx_word' id='word_1_128' title='bbox 163 1293 306 1345; x_wconf 88' lang='lat' dir='ltr'>Livor,</span> <span class='ocrx_word' id='word_1_129' title='bbox 338 1295 444 1330; x_wconf 88' lang='lat' dir='ltr'>iners</span> <span class='ocrx_word' id='word_1_130' title='bbox 477 1294 642 1340; x_wconf 87' lang='lat' dir='ltr'>vitium,</span> <span class='ocrx_word' id='word_1_131' title='bbox 675 1305 803 1331; x_wconf 89' lang='lat' dir='ltr'>mores</span> <span class='ocrx_word' id='word_1_132' title='bbox 836 1305 912 1331; x_wconf 92' lang='lat' dir='ltr'>non</span> <span class='ocrx_word' id='word_1_133' title='bbox 947 1294 1025 1331; x_wconf 84' lang='lat' dir='ltr'>exit</span> <span class='ocrx_word' id='word_1_134' title='bbox 1056 1294 1095 1331; x_wconf 93' lang='lat' dir='ltr'>in</span> <span class='ocrx_word' id='word_1_135' title='bbox 1128 1292 1248 1344; x_wconf 86' lang='lat' dir='ltr'>altos,</span> 
     </span>
     <span class='ocr_line' id='line_1_22' title="bbox 221 1350 1101 1402; baseline 0.001 -14"><span class='ocrx_word' id='word_1_136' title='bbox 221 1350 348 1401; x_wconf 87' lang='lat' dir='ltr'>thue</span> <span class='ocrx_word' id='word_1_137' title='bbox 381 1351 504 1389; x_wconf 90' lang='lat' dir='ltr'>latens</span> <span class='ocrx_word' id='word_1_138' title='bbox 536 1352 609 1389; x_wconf 90' lang='lat' dir='ltr'>ima</span> <span class='ocrx_word' id='word_1_139' title='bbox 644 1352 774 1402; x_wconf 84' lang='lat' dir='ltr'>vipera</span> <span class='ocrx_word' id='word_1_140' title='bbox 806 1352 929 1402; x_wconf 91' lang='lat' dir='ltr'>serpit</span> <span class='ocrx_word' id='word_1_141' title='bbox 959 1351 1101 1389; x_wconf 88' lang='lat' dir='ltr'>humo.</span> 
     </span>
     <span class='ocr_line' id='line_1_23' title="bbox 164 1408 1242 1460; baseline -0.001 -12"><span class='ocrx_word' id='word_1_142' title='bbox 164 1410 272 1448; x_wconf 88' lang='lat' dir='ltr'>Mens</span> <span class='ocrx_word' id='word_1_143' title='bbox 304 1415 369 1447; x_wconf 90' lang='lat' dir='ltr'>tua</span> <span class='ocrx_word' id='word_1_144' title='bbox 401 1408 578 1447; x_wconf 87' lang='lat' dir='ltr'>sublimis</span> <span class='ocrx_word' id='word_1_145' title='bbox 611 1421 728 1460; x_wconf 89' lang='lat' dir='ltr'>supra</span> <span class='ocrx_word' id='word_1_146' title='bbox 760 1422 883 1460; x_wconf 86' lang='lat' dir='ltr'>genus</span> <span class='ocrx_word' id='word_1_147' title='bbox 916 1411 1061 1448; x_wconf 89' lang='lat' dir='ltr'>eminet</span> <span class='ocrx_word' id='word_1_148' title='bbox 1091 1411 1242 1460; x_wconf 92' lang='lat' dir='ltr'>ipsum,</span> 
     </span>
     <span class='ocr_line' id='line_1_24' title="bbox 222 1467 1139 1517; baseline -0.001 -11"><span class='ocrx_word' id='word_1_149' title='bbox 222 1467 414 1506; x_wconf 90' lang='lat' dir='ltr'>Grandius</span> <span class='ocrx_word' id='word_1_150' title='bbox 445 1468 601 1517; x_wconf 84' lang='lat' dir='ltr'>ingenio</span> <span class='ocrx_word' id='word_1_151' title='bbox 633 1479 706 1505; x_wconf 90' lang='lat' dir='ltr'>nec</span> <span class='ocrx_word' id='word_1_152' title='bbox 738 1468 808 1506; x_wconf 88' lang='lat' dir='ltr'>tibi</span> <span class='ocrx_word' id='word_1_153' title='bbox 840 1479 982 1506; x_wconf 89' lang='lat' dir='ltr'>nomen</span> <span class='ocrx_word' id='word_1_154' title='bbox 1014 1469 1139 1506; x_wconf 90' lang='lat' dir='ltr'>inest.</span> 
     </span>
     <span class='ocr_line' id='line_1_25' title="bbox 79 1525 1206 1577; baseline -0.002 -11"><span class='ocrx_word' id='word_1_155' title='bbox 79 1535 142 1566; x_wconf 79' lang='lat'>105</span> <span class='ocrx_word' id='word_1_156' title='bbox 164 1526 265 1576; x_wconf 82' lang='lat' dir='ltr'>Ergo</span> <span class='ocrx_word' id='word_1_157' title='bbox 299 1525 362 1564; x_wconf 91' lang='lat' dir='ltr'>alii</span> <span class='ocrx_word' id='word_1_158' title='bbox 394 1531 560 1564; x_wconf 90' lang='lat' dir='ltr'>noceant</span> <span class='ocrx_word' id='word_1_159' title='bbox 592 1527 745 1564; x_wconf 88' lang='lat' dir='ltr'>miseris</span> <span class='ocrx_word' id='word_1_160' title='bbox 764 1557 774 1577; x_wconf 91' lang='lat'>,</span> <span class='ocrx_word' id='word_1_161' title='bbox 808 1531 1020 1577; x_wconf 87' lang='lat' dir='ltr'>optentque</span> <span class='ocrx_word' id='word_1_162' title='bbox 1054 1526 1206 1576; x_wconf 87' lang='lat' dir='ltr'>timeri,</span> 
     </span>
     <span class='ocr_line' id='line_1_26' title="bbox 221 1583 1131 1635; baseline 0 -13"><span class='ocrx_word' id='word_1_163' title='bbox 221 1584 436 1634; x_wconf 87' lang='lat' dir='ltr'>Tinctaque</span> <span class='ocrx_word' id='word_1_164' title='bbox 468 1583 640 1623; x_wconf 89' lang='lat' dir='ltr'>mordaci</span> <span class='ocrx_word' id='word_1_165' title='bbox 672 1584 820 1635; x_wconf 89' lang='lat' dir='ltr'>spicula</span> <span class='ocrx_word' id='word_1_166' title='bbox 852 1583 939 1622; x_wconf 80' lang='lat' dir='ltr'>felle</span> <span class='ocrx_word' id='word_1_167' title='bbox 972 1589 1131 1634; x_wconf 83' lang='lat' dir='ltr'>gerant.</span> 
     </span>
     <span class='ocr_line' id='line_1_27' title="bbox 163 1641 1265 1694; baseline -0.002 -12"><span class='ocrx_word' id='word_1_168' title='bbox 163 1644 210 1682; x_wconf 88' lang='lat' dir='ltr'>At</span> <span class='ocrx_word' id='word_1_169' title='bbox 241 1650 307 1682; x_wconf 89' lang='lat' dir='ltr'>tua</span> <span class='ocrx_word' id='word_1_170' title='bbox 339 1642 579 1693; x_wconf 86' lang='lat' dir='ltr'>supplicibus</span> <span class='ocrx_word' id='word_1_171' title='bbox 612 1642 750 1681; x_wconf 88' lang='lat' dir='ltr'>domus</span> <span class='ocrx_word' id='word_1_172' title='bbox 782 1648 842 1681; x_wconf 90' lang='lat' dir='ltr'>est</span> <span class='ocrx_word' id='word_1_173' title='bbox 874 1642 1033 1681; x_wconf 88' lang='lat' dir='ltr'>adsueta</span> <span class='ocrx_word' id='word_1_174' title='bbox 1065 1641 1265 1694; x_wconf 89' lang='lat' dir='ltr'>iuvandis,</span> 
     </span>
     <span class='ocr_line' id='line_1_28' title="bbox 222 1700 1250 1754; baseline -0.001 -15"><span class='ocrx_word' id='word_1_175' title='bbox 222 1701 264 1740; x_wconf 89' lang='lat' dir='ltr'>In</span> <span class='ocrx_word' id='word_1_176' title='bbox 298 1712 464 1751; x_wconf 88' lang='lat' dir='ltr'>quorum</span> <span class='ocrx_word' id='word_1_177' title='bbox 495 1712 659 1740; x_wconf 89' lang='lat' dir='ltr'>numero</span> <span class='ocrx_word' id='word_1_178' title='bbox 692 1713 783 1754; x_wconf 90' lang='lat' dir='ltr'>me,</span> <span class='ocrx_word' id='word_1_179' title='bbox 814 1713 984 1752; x_wconf 89' lang='lat' dir='ltr'>precor,</span> <span class='ocrx_word' id='word_1_180' title='bbox 1016 1712 1102 1739; x_wconf 90' lang='lat' dir='ltr'>esse</span> <span class='ocrx_word' id='word_1_181' title='bbox 1134 1700 1250 1738; x_wconf 90' lang='lat' dir='ltr'>velis.</span> 
     </span>
    </p>
   </div>
   <div class='ocr_carea' id='block_1_3' title="bbox 660 1829 768 1876">
    <p class='ocr_par' dir='ltr' id='par_1_3' title="bbox 660 1829 768 1876">
     <span class='ocr_line' id='line_1_29' title="bbox 660 1829 768 1876; baseline 0.009 -1"><span class='ocrx_word' id='word_1_182' title='bbox 660 1829 768 1876; x_wconf 86' lang='lat' dir='ltr'><strong>IIII.</strong></span> 
     </span>
    </p>
   </div>
   <div class='ocr_carea' id='block_1_4' title="bbox 124 1933 1378 2339">
    <p class='ocr_par' dir='ltr' id='par_1_4' title="bbox 124 1933 1378 2339">
     <span class='ocr_line' id='line_1_30' title="bbox 162 1933 1378 1985; baseline -0.001 -11"><span class='ocrx_word' id='word_1_183' title='bbox 162 1934 266 1974; x_wconf 89' lang='lat' dir='ltr'>Haec</span> <span class='ocrx_word' id='word_1_184' title='bbox 297 1934 367 1974; x_wconf 88' lang='lat' dir='ltr'>tibi</span> <span class='ocrx_word' id='word_1_185' title='bbox 399 1946 476 1973; x_wconf 89' lang='lat' dir='ltr'>non</span> <span class='ocrx_word' id='word_1_186' title='bbox 508 1946 643 1973; x_wconf 88' lang='lat' dir='ltr'>vanam</span> <span class='ocrx_word' id='word_1_187' title='bbox 675 1935 868 1985; x_wconf 84' lang='lat' dir='ltr'>portantia</span> <span class='ocrx_word' id='word_1_188' title='bbox 901 1933 1016 1972; x_wconf 87' lang='lat' dir='ltr'>verba</span> <span class='ocrx_word' id='word_1_189' title='bbox 1050 1933 1214 1972; x_wconf 89' lang='lat' dir='ltr'>salutem</span> <span class='ocrx_word' id='word_1_190' title='bbox 1323 1941 1378 1973; x_wconf 78' lang='lat'>(89)</span> 
     </span>
     <span class='ocr_line' id='line_1_31' title="bbox 220 1991 1061 2043; baseline -0.002 -11"><span class='ocrx_word' id='word_1_191' title='bbox 220 1993 321 2032; x_wconf 89' lang='lat' dir='ltr'>Naso</span> <span class='ocrx_word' id='word_1_192' title='bbox 353 1993 554 2031; x_wconf 86' lang='lat' dir='ltr'>Tomitana</span> <span class='ocrx_word' id='word_1_193' title='bbox 587 1994 706 2032; x_wconf 89' lang='lat' dir='ltr'>mittit</span> <span class='ocrx_word' id='word_1_194' title='bbox 738 1992 783 2031; x_wconf 88' lang='lat' dir='ltr'>ab</span> <span class='ocrx_word' id='word_1_195' title='bbox 817 1991 914 2031; x_wconf 87' lang='lat' dir='ltr'>urhe</span> <span class='ocrx_word' id='word_1_196' title='bbox 946 1998 1061 2043; x_wconf 81' lang='lat' dir='ltr'>tuus3</span> 
     </span>
     <span class='ocr_line' id='line_1_32' title="bbox 162 2049 1241 2103; baseline -0.004 -12"><span class='ocrx_word' id='word_1_197' title='bbox 162 2051 291 2103; x_wconf 88' lang='lat' dir='ltr'>thue</span> <span class='ocrx_word' id='word_1_198' title='bbox 324 2064 395 2092; x_wconf 90' lang='lat' dir='ltr'>suo</span> <span class='ocrx_word' id='word_1_199' title='bbox 428 2052 554 2090; x_wconf 87' lang='lat' dir='ltr'>faveas</span> <span class='ocrx_word' id='word_1_200' title='bbox 586 2051 770 2102; x_wconf 86' lang='lat' dir='ltr'>mandat,</span> <span class='ocrx_word' id='word_1_201' title='bbox 803 2051 970 2102; x_wconf 87' lang='lat' dir='ltr'>Rufine,</span> <span class='ocrx_word' id='word_1_202' title='bbox 1003 2049 1241 2101; x_wconf 87' lang='lat' dir='ltr'>Triumpho:</span> 
     </span>
     <span class='ocr_line' id='line_1_33' title="bbox 222 2109 1095 2149; baseline -0.002 0"><span class='ocrx_word' id='word_1_203' title='bbox 222 2110 265 2149; x_wconf 89' lang='lat' dir='ltr'>In</span> <span class='ocrx_word' id='word_1_204' title='bbox 297 2116 445 2149; x_wconf 85' lang='lat' dir='ltr'>vestras</span> <span class='ocrx_word' id='word_1_205' title='bbox 477 2111 583 2149; x_wconf 91' lang='lat' dir='ltr'>venit</span> <span class='ocrx_word' id='word_1_206' title='bbox 615 2112 647 2148; x_wconf 94' lang='lat' dir='ltr'>si</span> <span class='ocrx_word' id='word_1_207' title='bbox 680 2116 807 2149; x_wconf 89' lang='lat' dir='ltr'>tamen</span> <span class='ocrx_word' id='word_1_208' title='bbox 840 2109 903 2148; x_wconf 92' lang='lat' dir='ltr'>ille</span> <span class='ocrx_word' id='word_1_209' title='bbox 935 2120 1095 2147; x_wconf 89' lang='lat' dir='ltr'>manus.</span> 
     </span>
     <span class='ocr_line' id='line_1_34' title="bbox 124 2167 1231 2220; baseline -0.003 -12"><span class='ocrx_word' id='word_1_210' title='bbox 124 2177 143 2208; x_wconf 87' lang='lat'>5</span> <span class='ocrx_word' id='word_1_211' title='bbox 164 2168 234 2208; x_wconf 92' lang='lat' dir='ltr'>Est</span> <span class='ocrx_word' id='word_1_212' title='bbox 265 2181 363 2219; x_wconf 88' lang='lat' dir='ltr'>opus</span> <span class='ocrx_word' id='word_1_213' title='bbox 395 2170 578 2220; x_wconf 86' lang='lat' dir='ltr'>exiguum</span> <span class='ocrx_word' id='word_1_214' title='bbox 611 2170 828 2219; x_wconf 89' lang='lat' dir='ltr'>vestrisque</span> <span class='ocrx_word' id='word_1_215' title='bbox 861 2167 1061 2218; x_wconf 87' lang='lat' dir='ltr'>paratibus</span> <span class='ocrx_word' id='word_1_216' title='bbox 1092 2168 1231 2217; x_wconf 88' lang='lat' dir='ltr'>inpar:</span> 
     </span>
     <span class='ocr_line' id='line_1_35' title="bbox 223 2227 1246 2278; baseline -0.004 -12"><span class='ocrx_word' id='word_1_217' title='bbox 223 2227 342 2272; x_wconf 86' lang='lat' dir='ltr'>Quale</span> <span class='ocrx_word' id='word_1_218' title='bbox 376 2232 504 2266; x_wconf 90' lang='lat' dir='ltr'>tamen</span> <span class='ocrx_word' id='word_1_219' title='bbox 538 2239 705 2278; x_wconf 86' lang='lat' dir='ltr'>cumque</span> <span class='ocrx_word' id='word_1_220' title='bbox 738 2232 798 2265; x_wconf 87' lang='lat' dir='ltr'>est</span> <span class='ocrx_word' id='word_1_221' title='bbox 817 2257 827 2277; x_wconf 97' lang='lat'>,</span> <span class='ocrx_word' id='word_1_222' title='bbox 858 2231 902 2264; x_wconf 86' lang='lat' dir='ltr'>ut</span> <span class='ocrx_word' id='word_1_223' title='bbox 934 2231 1067 2264; x_wconf 90' lang='lat' dir='ltr'>tueare</span> <span class='ocrx_word' id='word_1_224' title='bbox 1088 2256 1098 2274; x_wconf 87' lang='lat'>,</span> <span class='ocrx_word' id='word_1_225' title='bbox 1130 2236 1246 2275; x_wconf 79' lang='lat' dir='ltr'>rogo,</span> 
     </span>
     <span class='ocr_line' id='line_1_36' title="bbox 163 2283 1376 2339; baseline -0.001 -15"><span class='ocrx_word' id='word_1_226' title='bbox 163 2285 290 2324; x_wconf 89' lang='lat' dir='ltr'>Firma</span> <span class='ocrx_word' id='word_1_227' title='bbox 318 2285 445 2324; x_wconf 87' lang='lat' dir='ltr'>valent</span> <span class='ocrx_word' id='word_1_228' title='bbox 469 2297 540 2337; x_wconf 90' lang='lat' dir='ltr'>per</span> <span class='ocrx_word' id='word_1_229' title='bbox 573 2298 637 2339; x_wconf 85' lang='lat' dir='ltr'>se,</span> <span class='ocrx_word' id='word_1_230' title='bbox 670 2285 898 2336; x_wconf 89' lang='lat' dir='ltr'>nullumque</span> <span class='ocrx_word' id='word_1_231' title='bbox 924 2283 1132 2323; x_wconf 85' lang='lat' dir='ltr'>Machaona</span> <span class='ocrx_word' id='word_1_232' title='bbox 1160 2288 1376 2334; x_wconf 84' lang='lat' dir='ltr'>quaerunt.</span> 
     </span>
    </p>
   </div>
  </div>
 </body>
</html>
