1575 2489
564 105 605 139 V.
631 113 659 138 x
681 107 832 138 18-xn
852 107 883 138 2.
1336 104 1390 145 97

686 234 766 282 XI.

182 328 293 373 Quod
325 333 363 367 te
393 328 526 367 nescio
560 328 646 377 quis
677 338 748 377 per
779 328 903 377 iurgia
935 326 1077 366 dixerit
1107 338 1193 366 esse

181 385 314 425 Exulis
345 397 536 437 uxorem,
568 385 695 424 littera
728 391 865 436 questa
896 390 961 423 tua
992 391 1074 423 est.

182 443 333 482 Indolui
351 475 362 495 ‚
394 455 472 482 non
504 449 582 481 tam
613 454 697 481 mea
730 442 832 493 quod
865 443 1019 481 fortuna
1051 442 1148 481 male
1181 442 1311 491 audit,

184 501 258 546 Qui
290 503 365 540 iam
398 502 583 540 consuevi
614 501 768 538 fortiter
800 512 885 539 esse
917 502 1060 552 miser,

143 566 163 597 5
185 559 308 604 Quam
334 558 462 611 quod,
488 560 552 597 cui
577 559 735 597 minime
760 557 921 610 vellem,
953 570 1039 596 sum
1066 570 1180 596 causa
1211 559 1392 610 pudoris,

182 617 316 667 Teque
348 628 438 655 reor
469 617 614 655 nostris
646 615 851 655 erubuisse
883 615 1016 654 malis.

181 674 316 713 Perfer
349 680 387 713 et
418 673 594 713 obdura!
638 674 759 713 multo
792 675 967 725 graviora
997 673 1142 725 tulisti,

182 732 337 783 Eripuit
369 744 458 771 cum
488 744 550 771 me
581 733 771 783 principis
802 733 860 770 ira
890 731 985 770 tibi.

183 790 345 829 Fallitur
376 792 449 829 iste
483 795 641 842 tamen,
673 802 750 840 quo
781 789 909 828 iudice
940 790 1120 827 nominor
1152 788 1265 829 exul:

120 856 163 886 10
182 848 334 886 Mollior
366 854 425 886 est
456 848 608 898 culpam
639 859 763 898 poena
795 851 927 885 secuta
958 858 1107 885 meam.

183 906 346 944 Maxima
376 918 501 956 poena
532 905 627 944 mihi
658 910 745 956 est,
777 904 907 955 Ipsum
936 905 1144 943 offendisse
1163 936 1174 956 ,
1205 906 1394 957 priusque

183 963 361 1002 Venisset
391 963 543 1002 mallem
575 964 724 1002 funeris
755 963 850 1000 hora
881 962 998 1001 mihi.

185 1021 331 1067 Quassa
351 1027 480 1060 tamen
506 1027 639 1060 nostra
659 1026 739 1073 est,
760 1033 837 1059 non
858 1032 985 1059 mersa
1009 1033 1082 1059 nec
1103 1020 1242 1060 obruta
1265 1023 1395 1073 navis,

183 1079 310 1129 thue
343 1084 449 1118 caret
479 1084 626 1130 portu,
658 1081 714 1117 sic
746 1085 875 1117 tamen
907 1084 1012 1117 extat
1043 1080 1175 1129 aquis.

123 1144 164 1175 15
183 1137 263 1175 Nec
295 1138 411 1176 vitam
442 1149 515 1176 nec
547 1149 640 1187 opes
672 1148 745 1175 nec
776 1138 837 1175 ius
868 1136 963 1175 mihi
995 1138 1088 1175 civis
1120 1137 1287 1189 ademit,

185 1195 292 1240 Quae
325 1196 452 1233 merui
482 1196 573 1233 vitio
606 1195 771 1245 perdere
805 1200 945 1233 cuncta
978 1207 1087 1246 me03

186 1253 263 1291 Sed
295 1254 384 1303 quia
416 1258 575 1303 peccato
607 1253 758 1291 facinus
790 1265 868 1291 non
900 1252 1011 1291 affuit
1041 1252 1096 1291 illi
1107 1282 1119 1305 ,

184 1310 246 1349 Nil
277 1312 353 1349 nisi
383 1323 444 1349 me
476 1311 612 1362 patriis
643 1312 758 1349 iussit
790 1310 924 1349 abesse
957 1311 1076 1349 focis.

184 1368 312 1420 thue
338 1368 422 1406 aliis
440 1399 451 1419 ‚
477 1380 643 1418 quorum
670 1380 877 1407 numerum
903 1367 1182 1419 comprendere
1209 1381 1287 1407 non
1314 1376 1394 1421 est,

122 1434 165 1465 20
187 1426 418 1465 Caesareum
450 1438 595 1464 numen
628 1427 683 1464 sic
714 1426 810 1464 mihi
842 1428 934 1464 mite
968 1427 1062 1465 fuit.

185 1484 270 1535 Ipse
303 1484 493 1536 relegati,
525 1496 602 1522 non
635 1484 758 1522 exulis
790 1485 914 1522 utitur
945 1485 985 1522 in
1017 1495 1077 1522 me

184 1542 375 1581 Nomine:
413 1546 496 1580 tuta
529 1554 598 1580 suo
630 1541 757 1580 iudice
791 1553 906 1580 causa
937 1553 1022 1580 mea
1054 1547 1136 1580 est.

185 1600 274 1639 Iure
305 1601 424 1650 igitur
455 1599 589 1638 laudes
608 1631 619 1651 ,
652 1599 821 1652 Caesar,
852 1612 923 1651 pro
955 1605 1065 1650 parte
1098 1599 1199 1639 virili

186 1658 362 1697 Carmina
394 1664 527 1697 nostra
558 1663 646 1696 tuas
679 1657 974 1709 qualiacumque
1007 1663 1175 1709 canunt3

123 1723 165 1754 25
186 1716 274 1754 Iure
307 1716 426 1767 deos,
460 1721 504 1755 ut
535 1715 660 1754 adhuc
693 1716 789 1755 caeli
820 1715 890 1755 tibi
920 1715 1051 1754 limina
1083 1715 1286 1769 claudant,

186 1773 319 1824 Teque
351 1773 471 1812 velint
502 1775 585 1812 sine
618 1786 688 1825 se,
721 1786 979 1826 comprecor,
1011 1786 1096 1812 esse
1129 1774 1269 1813 deum.

187 1831 303 1882 Optat
327 1831 430 1869 idem
450 1831 644 1884 populus3
683 1832 750 1871 sed
777 1839 819 1871 ut
844 1834 884 1871 in
910 1844 1016 1870 mare
1042 1832 1201 1871 flumina
1227 1837 1395 1885 vastum,

187 1889 250 1928 Sic
283 1889 380 1928 solet
412 1891 572 1940 exiguae
605 1902 764 1929 currere
796 1892 902 1929 rivus
935 1902 1079 1940 aquae.

186 1947 234 1985 At
265 1952 307 1985 tu
340 1947 563 1999 fortunam,
596 1949 707 1987 cuius
739 1960 856 1987 vocor
888 1948 977 1987 exul
1009 1948 1055 1986 ab
1087 1960 1179 2001 ore,

123 2013 167 2044 30
187 2004 349 2044 Nomine
381 2005 558 2044 mendaci
589 2018 705 2057 parce
737 2018 895 2057 gravare
928 2004 1075 2045 meam!

680 2133 782 2180 XII.

189 2235 336 2275 Scribis
355 2268 366 2289 ,
396 2242 441 2276 ut
471 2237 662 2277 oblectem
695 2238 822 2276 studio
855 2237 1089 2277 lacrimabile
1121 2243 1293 2290 tempus,

187 2294 242 2332 Ne
274 2301 436 2346 pereant
466 2297 572 2347 turpi
603 2301 762 2346 pectora
793 2302 926 2335 nostra
958 2297 1057 2335 situ.

141 2364 247 2391 ovn).
284 2366 341 2391 111.
1166 2364 1186 2396 7
