1601 2484
184 69 240 109 30
732 71 958 103 TRISTIUM

301 177 373 216 Hic
405 177 515 215 sedet
545 178 677 225 ignoto
709 178 841 215 iuncta
871 178 999 228 puella
1030 179 1135 217 viro.

215 243 281 274 235
305 235 400 273 Cum
433 234 620 285 quaedam
653 236 870 285 spatientur
898 237 937 274 in
969 236 1042 274 hoc
1060 267 1071 287 ,
1102 241 1146 274 ut
1178 240 1317 274 amatoi
1357 234 1490 273 eodem

303 293 544 342 Conveniat,
575 304 695 342 quare
728 294 903 343 porticus
934 294 1011 332 ulla
1041 291 1184 344 patet?

305 351 399 396 Quis
426 350 534 388 locus
561 355 620 388 est
645 351 800 401 templis
827 353 1028 402 augustior
1046 350 1067 390 ’Β
1098 352 1194 390 haec
1221 363 1375 401 quoque
1400 352 1515 402 vitet,

304 408 346 446 In
379 408 531 459 culpam
565 409 674 459 siqua
707 414 766 447 est
797 410 996 460 ingeniosa
1028 409 1160 448 suam!

305 465 402 504 Cum
434 468 587 505 steterit
618 466 718 504 Iovis
751 467 843 505 aede
862 498 873 519 ,
906 467 1005 506 Iovis
1038 473 1245 506 succurret
1275 469 1316 505 in
1348 466 1463 519 aede,

217 533 284 563 290
307 524 429 569 Quam
462 524 602 562 multas
636 531 780 563 matres
812 526 950 564 fecerit
980 525 1043 564 ille
1077 526 1195 564 deus.

302 582 482 620 Proxima
515 583 689 620 adoranti
721 582 881 621 Iunonis
912 583 1054 633 templa
1086 583 1260 635 subibit,

303 640 523 679 Paelicibus
556 641 687 679 multis
719 640 820 679 hanc
852 641 1021 679 doluisse
1053 641 1187 680 deam.

305 698 457 737 Pallade
491 704 728 750 conspecta,
760 704 893 737 natum
926 699 973 737 de
1006 700 1168 737 crimine
1200 700 1308 749 virgo

305 756 515 795 Sustulerit
548 769 666 807 quare
686 788 696 808 ,
735 764 926 809 quaeret,
957 756 1278 796 Erichthonium.

219 823 284 853 295
304 814 463 853 Venerit
494 817 534 853 in
566 817 695 865 magni
727 815 914 866 templum
933 847 944 866 ,
977 822 1042 854 tua
1074 827 1264 867 munera,
1295 814 1453 867 Martis,

307 873 390 911 Stat
422 872 551 912 Venus
584 873 709 911 Ultori
740 875 870 912 iuncta
890 904 900 924 ,
932 874 990 911 vir
1023 879 1110 912 ante
1143 874 1271 911 sores.

304 930 417 969 Isidis
449 931 543 969 aede
577 931 717 969 sedens
737 963 747 983 ,
780 943 851 970 cur
882 931 981 970 hanc
1015 931 1225 984 Saturnia,
1258 937 1442 983 quaeret,

304 988 439 1039 Egerit
470 989 576 1027 Ionio
609 989 905 1040 Bosphorioque
938 988 1069 1028 mari?

303 1046 347 1085 In
379 1046 568 1085 Venerem
602 1048 819 1099 Anchises,
851 1049 891 1086 in
923 1047 1072 1086 Lunam
1104 1047 1277 1086 Latmius
1309 1047 1448 1100 heros,

217 1104 346 1143 3001n
380 1104 562 1143 Cererem
595 1105 750 1157 Iasion‚
783 1107 849 1156 qui
881 1106 1104 1158 referatur,
1136 1107 1233 1144 erit.

305 1162 442 1201 Omnia
474 1175 677 1213 perversas
709 1169 874 1214 possunt
906 1176 1159 1214 corrumpere
1191 1169 1368 1216 mentes3

306 1221 418 1259 Stant
450 1227 579 1259 tamen
610 1221 672 1259 illa
706 1223 787 1259 suis
820 1223 947 1260 omnia
979 1227 1061 1260 tuta
1093 1222 1188 1260 locis
1207 1253 1215 1260 .

304 1279 353 1317 Et
384 1279 522 1329 procul
554 1292 573 1317 a
606 1281 750 1330 scripta
783 1279 874 1318 solis
906 1279 1180 1318 meretricibus
1211 1280 1303 1318 Arte

307 1338 532 1376 Summovet
564 1339 751 1388 ingenuas
783 1339 921 1389 pagina
953 1339 1076 1388 prima
1109 1350 1268 1376 manus.

218 1404 284 1434 305
307 1396 585 1446 Quaecumque
618 1398 777 1446 erupit,
809 1408 883 1446 qua
916 1408 994 1434 non
1027 1397 1118 1434 sinit
1149 1398 1206 1434 ire
1240 1396 1443 1449 sacerdos,

305 1454 488 1492 Protinus
521 1454 611 1491 huic
645 1454 790 1504 dempti
823 1455 996 1492 criminis
1027 1455 1109 1505 ipsa
1140 1466 1206 1492 rea
1239 1460 1319 1492 est.

305 1512 385 1550 Nec
419 1518 546 1550 tamen
579 1518 639 1549 est
670 1512 848 1563 facinus,
881 1524 1017 1549 versus
1050 1512 1226 1551 evolvere
1259 1512 1409 1565 mollis,

305 1569 424 1608 Multa
455 1569 547 1608 licet
579 1576 705 1607 castae
738 1582 816 1607 uon
848 1570 1021 1607 facienda
1054 1570 1209 1620 legant,

307 1628 429 1678 Saepe
462 1627 662 1678 supercilii
695 1627 816 1666 nudas
849 1633 1024 1666 matrona
1057 1630 1183 1666 severi

219 1695 286 1726 310
308 1686 356 1724 Et
387 1688 541 1724 veneris
574 1687 711 1724 stantis
743 1686 789 1724 ad
821 1698 944 1736 genus
976 1698 1090 1725 omne
1124 1687 1252 1725 videt.

307 1744 479 1795 Corpora
512 1743 683 1782 Vestales
716 1743 818 1782 oculi
849 1746 1071 1782 meretricia
1103 1751 1291 1797 cernunt,

306 1803 385 1841 Nec
418 1803 574 1840 domino
605 1814 752 1853 poenae
784 1814 847 1840 res
880 1815 924 1840 ea
957 1815 1071 1841 causa
1103 1804 1197 1841 fuit.

305 1862 354 1899 At
386 1873 456 1899 cur
487 1862 527 1898 in
559 1867 692 1898 nostra
724 1861 841 1898 nimia
873 1866 933 1898 est
963 1861 1118 1899 lascivia
1149 1861 1282 1911 Musa,

307 1919 432 1957 Curve
465 1931 574 1957 meus
607 1919 788 1969 cuiquam
821 1919 958 1957 suadet
989 1931 1116 1957 amare
1148 1916 1282 1957 liber‘?

219 1987 285 2017 315
308 1977 367 2015 Nil
400 1978 475 2015 nisi
506 1984 710 2028 peccatum
742 1977 1024 2028 manifestaque
1058 1977 1169 2028 culpa
1201 1976 1354 2016 fatenda
1386 1982 1467 2016 est:

307 2035 482 2074 Paenitet
514 2037 659 2085 ingenii
691 2035 902 2085 iudiciique
936 2037 1034 2075 mei.

309 2094 387 2132 Cur
420 2106 497 2132 non
529 2093 719 2143 Argolicis
750 2095 881 2144 potius
914 2106 1012 2143 quae
1045 2093 1214 2132 concidit
1246 2094 1362 2132 armis

307 2152 449 2190 Vexata
483 2158 542 2190 est
573 2154 717 2190 iterum
749 2153 919 2190 carmine
951 2151 1066 2189 Troia
1098 2150 1218 2190 meo?

309 2210 387 2248 Cur
420 2212 523 2248 tacui
555 2210 707 2248 Thebas
740 2215 778 2248 et
810 2209 971 2248 vulnera
1002 2215 1136 2248 mutua
1169 2210 1356 2261 fratrum,

221 2277 288 2307 320
309 2268 358 2307 Et
391 2275 541 2320 septem
572 2275 734 2321 portas,
767 2267 838 2306 sub
872 2267 970 2306 duce
1004 2280 1196 2320 quamque
1230 2265 1335 2306 suo?
