1601 2484
521 76 581 110 IV.
607 84 639 109 11
660 79 800 110 73—111
821 78 875 110 69.
1308 73 1362 114 67

150 184 289 223 Tristis
321 195 363 222 es
383 181 404 223 ’Β
453 183 663 235 indignor,
701 184 803 234 quod
837 185 908 223 sim
941 183 1012 223 tibi
1049 195 1165 222 causa
1197 182 1365 222 doloris:

151 242 236 280 Non
268 253 310 280 es
329 239 351 280 P
400 248 466 293 at,
499 243 639 282 amisso
672 243 835 292 coniuge
869 242 982 293 digna
1001 274 1013 294 ,
1044 242 1171 280 fores.

89 307 133 339 35
154 299 212 338 Tu
243 311 335 338 vero
368 305 433 338 tua
464 299 601 338 damna
634 299 719 338 dole
739 331 749 351 ‚
780 302 984 339 mitissima
1015 301 1208 351 coniunX,

152 358 321 409 Tempus
339 363 392 411 get
423 369 444 396 a
475 359 622 396 nostris
654 359 763 409 exige
795 361 906 397 triste
938 358 1072 411 malls,

152 415 298 466 Fleque
330 427 437 454 meos
470 415 605 454 casus!
663 422 722 455 est
753 417 940 467 quaedam
972 417 1066 455 ssere
1098 416 1297 466 voluptas:

150 473 339 525 Expletur
369 473 539 512 lacrimis
571 475 823 526 egeriturque
855 475 988 513 dolor.

151 533 277 583 Atque
309 533 456 570 utinam
487 532 653 583 lugenda
685 532 756 571 tibi
788 545 866 571 non
898 534 1001 584 vita,
1034 533 1101 571 sed
1134 536 1238 570 esset

88 598 131 629 40
151 590 253 628 Mors
286 602 399 642 mea,
430 596 555 629 morte
588 591 692 629 fores
724 591 804 629 sola
835 591 970 630 relicta
1001 590 1109 629 mea!

154 648 322 699 Spiritus
354 648 416 687 hic
449 660 520 698 per
553 654 589 687 te
621 651 766 700 patrias
798 651 942 688 exisset
972 650 1012 687 in
1045 660 1182 699 auras,

154 706 397 756 Sparsissent
428 706 608 745 lacrimae
641 719 804 758 corpora
836 712 968 745 nostra
1000 707 1111 757 piae,

156 764 425 815 Supremoque
458 765 519 803 die
552 770 688 804 notum
721 766 935 816 spectantia
967 764 1116 803 caelum

153 822 360 861 Texissent
391 823 500 873 digiti
531 823 676 861 lumina
709 828 841 861 nostra
872 824 952 861 tui.

90 887 133 918 45
153 879 203 919 Et
234 881 332 919 cinis
364 882 403 919 in
436 881 585 920 tumulo
617 882 768 932 positus
800 882 985 919 iacuisset
1016 881 1140 932 avim,

154 937 350 989 Tactaque
381 940 558 977 nascenti
589 951 731 990 corpus
763 938 926 977 haberet
955 938 1124 989 humus3

153 996 359 1048 Denique,
391 1002 434 1035 ut
464 1003 503 1035 et
535 998 640 1049 vixi,
676 999 758 1035 sine
791 999 952 1036 crimine
984 1003 1163 1035 mortuus
1196 1007 1345 1034 essem.

153 1054 265 1093 Nunc
297 1067 382 1093 mea
413 1055 603 1106 supplicio
636 1057 711 1094 vita
742 1055 922 1106 pudenda
955 1067 1026 1094 suo
1059 1060 1140 1093 est.

153 1112 214 1151 Me
246 1114 430 1152 miserum
449 1144 461 1165 ‚
492 1115 525 1152 si
556 1119 599 1152 tu
618 1145 628 1164 ,
660 1126 749 1152 cum
782 1114 923 1153 diceris
956 1112 1080 1152 exulis
1113 1124 1234 1163 uxor,

93 1179 136 1210 50
156 1172 309 1209 Avertis
341 1171 469 1210 vultus
502 1178 541 1210 et
572 1172 678 1211 subit
709 1184 776 1210 ora
808 1171 951 1211 rubor!

156 1229 216 1267 Me
248 1231 432 1268 miserum
453 1261 464 1281 ‚
496 1231 528 1268 si
560 1235 674 1281 turpe
707 1235 820 1281 putas
852 1230 946 1268 mihi
978 1235 1100 1280 nupta
1132 1227 1275 1267 videri!

156 1286 216 1325 Me
250 1289 436 1326 miserum
456 1319 466 1339 ‚
499 1289 531 1326 si
563 1293 600 1327 te
633 1290 707 1327 iam
739 1289 860 1339 pudet
892 1300 977 1327 esse
1011 1286 1158 1326 meam!

156 1345 328 1396 Tempus
360 1345 427 1384 ubi
459 1352 519 1384 est
549 1346 644 1384 illud
664 1379 674 1398 ‚
707 1359 782 1397 quo
816 1353 853 1385 te
885 1348 1028 1385 iactare
1061 1345 1213 1384 solebas

157 1403 328 1454 Coniuge
347 1435 358 1456 ‚
390 1416 462 1442 nec
494 1416 636 1443 nomen
669 1405 911 1443 dissimulare
938 1402 1045 1443 viri?

92 1469 136 1500 55
157 1461 327 1512 Tempus
355 1461 421 1500 ubi
447 1468 536 1514 est,
568 1475 645 1513 quo
667 1469 703 1501 te
723 1485 769 1490 —
794 1465 869 1501 nisi
896 1475 974 1501 non
1001 1464 1058 1500 vis
1084 1461 1147 1499 illa
1173 1460 1372 1499 referri—

156 1519 206 1558 Et
237 1519 313 1558 dici
332 1551 343 1572 ‚
374 1522 562 1572 memini,
594 1522 693 1560 iuvit
725 1526 764 1560 et
795 1533 881 1560 esse
915 1516 1074 1559 meam?

157 1577 284 1628 thue
315 1578 437 1629 proba
469 1579 630 1630 dignum
662 1585 745 1631 est,
783 1581 888 1617 omni
924 1578 992 1617 tibi
1028 1578 1117 1616 dote
1149 1576 1369 1629 placebam:

159 1635 334 1675 Addebat
365 1639 466 1675 veris
498 1637 620 1676 multa
651 1638 815 1676 faventis
848 1650 982 1676 amor.

157 1694 266 1747 Nec,
293 1707 408 1746 quem
427 1696 648 1746 praeferres
665 1718 710 1723 —
734 1698 787 1735 ita
813 1708 876 1734 res
904 1695 973 1734 tibi
994 1707 1129 1746 magna
1155 1693 1312 1733 videbar
1329 1715 1374 1720 —

97 1761 138 1792 60
160 1753 363 1804 Quemque
396 1759 507 1793 tuum
538 1754 672 1793 malles
704 1767 790 1794 esse
809 1786 820 1806 ‚
852 1756 910 1793 vir
942 1754 1039 1792 alter
1071 1759 1178 1792 erat.

158 1811 269 1850 Nune
291 1824 444 1863 quoque
466 1825 514 1851 ne
534 1813 699 1866 pudeat,
720 1813 823 1864 quod
844 1814 897 1851 sis
917 1812 1012 1851 mihi
1033 1817 1174 1863 nupta3
1204 1818 1373 1862 tuusque

159 1869 244 1908 Non
277 1870 392 1909 debet
423 1870 533 1909 dolor
564 1871 654 1910 hinc
673 1903 685 1924 ,
717 1871 833 1910 debet
864 1871 999 1910 abesse
1031 1870 1181 1921 pudor,

161 1927 256 1966 Cum
289 1929 430 1967 cecidit
462 1929 664 1980 Capaneus
697 1929 825 1969 subito
858 1931 1091 1968 temerarius
1122 1930 1229 1980 ictu,

160 1985 261 2025 Num
292 1986 388 2037 legis
419 1986 607 2026 Euadnen
640 1988 844 2028 erubuisse
877 1985 996 2026 viro?
1236 2000 1241 2001 ⁷

99 2052 142 2083 65
162 2044 241 2083 Nec
274 2047 362 2095 quia
395 2057 463 2084 rex
495 2046 630 2085 mundi
663 2047 904 2098 compescuit
935 2045 1092 2096 ignibus
1124 2045 1259 2096 ignes,

160 2102 247 2154 Ipse
279 2105 359 2142 suis
390 2104 591 2143 Phaethon
623 2105 846 2144 infitiandus
880 2110 985 2156 erat3

162 2160 241 2199 Nec
274 2160 424 2201 Semele
458 2163 600 2202 Cadmo
633 2164 733 2203 sacta
765 2170 825 2202 est
857 2162 980 2201 aliena
1012 2163 1187 2214 parenti,

163 2219 273 2264 Quod
305 2220 488 2270 precibus
520 2223 637 2273 periit
669 2221 871 2261 ambitiosa
904 2222 1008 2260 suis.

163 2277 241 2316 Nec
275 2278 372 2331 tibi,
404 2279 506 2330 quod
540 2282 663 2319 saevis
703 2292 772 2331 ego
814 2291 898 2319 sum
932 2278 1033 2317 Iovis
1064 2277 1221 2329 ignibus
1251 2280 1369 2326 ictus7

1120 2344 1167 2380 ὅ*
