<?xml version="1.0" encoding="UTF-8"?>
<!DOCTYPE html PUBLIC "-//W3C//DTD XHTML 1.0 Transitional//EN"
    "http://www.w3.org/TR/xhtml1/DTD/xhtml1-transitional.dtd">
<html xmlns="http://www.w3.org/1999/xhtml" xml:lang="en" lang="en">
 <head>
  <title>
</title>
<meta http-equiv="Content-Type" content="text/html;charset=utf-8" />
  <meta name='ocr-system' content='tesseract 3.04.00' />
  <meta name='ocr-capabilities' content='ocr_page ocr_carea ocr_par ocr_line ocrx_word'/>
</head>
<body>
  <div class='ocr_page' id='page_1' title='image "./operaovid01oviduoft_0211.png"; bbox 0 0 1575 2489; ppageno 0'>
   <div class='ocr_carea' id='block_1_1' title="bbox 468 86 1326 128">
    <p class='ocr_par' dir='ltr' id='par_1_1' title="bbox 468 86 1326 128">
     <span class='ocr_line' id='line_1_1' title="bbox 468 86 1326 128; baseline 0.006 -6"><span class='ocrx_word' id='word_1_1' title='bbox 468 90 515 122; x_wconf 89' lang='lat' dir='ltr'><strong>II.</strong></span> <span class='ocrx_word' id='word_1_2' title='bbox 542 97 635 122; x_wconf 83' lang='lat' dir='ltr'><strong>vlm</strong></span> <span class='ocrx_word' id='word_1_3' title='bbox 655 90 776 122; x_wconf 83' lang='lat' dir='ltr'>64-—x</span> <span class='ocrx_word' id='word_1_4' title='bbox 797 91 852 122; x_wconf 82' lang='lat'><strong>52.</strong></span> <span class='ocrx_word' id='word_1_5' title='bbox 1244 86 1326 128; x_wconf 83' lang='lat'><strong>163</strong></span> 
     </span>
    </p>
   </div>
   <div class='ocr_carea' id='block_1_2' title="bbox 46 197 1326 2392">
    <p class='ocr_par' dir='ltr' id='par_1_2' title="bbox 47 197 1326 1294">
     <span class='ocr_line' id='line_1_2' title="bbox 173 197 1154 248; baseline -0.001 -12"><span class='ocrx_word' id='word_1_6' title='bbox 173 197 375 236; x_wconf 86' lang='lat' dir='ltr'><strong>Diversum</strong></span> <span class='ocrx_word' id='word_1_7' title='bbox 407 197 583 247; x_wconf 90' lang='lat' dir='ltr'><strong>quamvis</strong></span> <span class='ocrx_word' id='word_1_8' title='bbox 615 198 782 248; x_wconf 90' lang='lat' dir='ltr'><strong>quisque</strong></span> <span class='ocrx_word' id='word_1_9' title='bbox 815 208 1025 248; x_wconf 89' lang='lat' dir='ltr'><strong>sequamur</strong></span> <span class='ocrx_word' id='word_1_10' title='bbox 1056 198 1154 236; x_wconf 91' lang='lat' dir='ltr'><strong>iter:</strong></span> 
     </span>
     <span class='ocr_line' id='line_1_3' title="bbox 113 254 1325 307; baseline -0.002 -13"><span class='ocrx_word' id='word_1_11' title='bbox 113 255 290 302; x_wconf 85' lang='lat' dir='ltr'><strong>Quorum</strong></span> <span class='ocrx_word' id='word_1_12' title='bbox 327 260 366 294; x_wconf 90' lang='lat' dir='ltr'><strong>te</strong></span> <span class='ocrx_word' id='word_1_13' title='bbox 403 266 645 307; x_wconf 90' lang='lat' dir='ltr'><strong>memorem,</strong></span> <span class='ocrx_word' id='word_1_14' title='bbox 680 267 913 306; x_wconf 84' lang='lat' dir='ltr'><strong>quamquam</strong></span> <span class='ocrx_word' id='word_1_15' title='bbox 944 255 1082 306; x_wconf 88' lang='lat' dir='ltr'><strong>procul</strong></span> <span class='ocrx_word' id='word_1_16' title='bbox 1117 254 1325 306; x_wconf 87' lang='lat' dir='ltr'><strong>absumus,</strong></span> 
     </span>
     <span class='ocr_line' id='line_1_4' title="bbox 837 325 922 352; baseline -0.012 0"><span class='ocrx_word' id='word_1_17' title='bbox 837 325 922 352; x_wconf 91' lang='lat' dir='ltr'><strong>esse</strong></span> 
     </span>
     <span class='ocr_line' id='line_1_5' title="bbox 49 370 1055 422; baseline -0.001 -11"><span class='ocrx_word' id='word_1_18' title='bbox 49 380 92 411; x_wconf 83' lang='lat'><strong>20</strong></span> <span class='ocrx_word' id='word_1_19' title='bbox 172 370 388 422; x_wconf 88' lang='lat' dir='ltr'><strong>Suspicor,</strong></span> <span class='ocrx_word' id='word_1_20' title='bbox 421 375 460 409; x_wconf 87' lang='lat' dir='ltr'><strong>et</strong></span> <span class='ocrx_word' id='word_1_21' title='bbox 492 382 604 410; x_wconf 88' lang='lat' dir='ltr'><strong>casus</strong></span> <span class='ocrx_word' id='word_1_22' title='bbox 636 371 733 410; x_wconf 89' lang='lat' dir='ltr'><strong>velle</strong></span> <span class='ocrx_word' id='word_1_23' title='bbox 765 371 892 410; x_wconf 89' lang='lat' dir='ltr'><strong>levare</strong></span> <span class='ocrx_word' id='word_1_24' title='bbox 924 383 1055 410; x_wconf 91' lang='lat' dir='ltr'><strong>meos.</strong></span> 
     </span>
     <span class='ocr_line' id='line_1_6' title="bbox 111 428 1171 481; baseline 0.001 -14"><span class='ocrx_word' id='word_1_25' title='bbox 111 429 165 468; x_wconf 92' lang='lat' dir='ltr'><strong>Te</strong></span> <span class='ocrx_word' id='word_1_26' title='bbox 198 429 295 468; x_wconf 89' lang='lat' dir='ltr'><strong>duce</strong></span> <span class='ocrx_word' id='word_1_27' title='bbox 327 429 551 479; x_wconf 87' lang='lat' dir='ltr'><strong>magnificas</strong></span> <span class='ocrx_word' id='word_1_28' title='bbox 582 429 694 467; x_wconf 88' lang='lat' dir='ltr'><strong>Asiae</strong></span> <span class='ocrx_word' id='word_1_29' title='bbox 726 431 998 481; x_wconf 84' lang='lat' dir='ltr'><strong>perspeximus</strong></span> <span class='ocrx_word' id='word_1_30' title='bbox 1029 428 1171 468; x_wconf 85' lang='lat' dir='ltr'><strong>urbes:</strong></span> 
     </span>
     <span class='ocr_line' id='line_1_7' title="bbox 169 486 1091 526; baseline 0.001 -1"><span class='ocrx_word' id='word_1_31' title='bbox 169 486 367 525; x_wconf 90' lang='lat' dir='ltr'><strong>Trinacris</strong></span> <span class='ocrx_word' id='word_1_32' title='bbox 400 492 460 525; x_wconf 91' lang='lat' dir='ltr'><strong>est</strong></span> <span class='ocrx_word' id='word_1_33' title='bbox 491 487 615 526; x_wconf 86' lang='lat' dir='ltr'><strong>oculis</strong></span> <span class='ocrx_word' id='word_1_34' title='bbox 647 493 685 526; x_wconf 85' lang='lat' dir='ltr'><strong>te</strong></span> <span class='ocrx_word' id='word_1_35' title='bbox 718 488 816 526; x_wconf 89' lang='lat' dir='ltr'><strong>duce</strong></span> <span class='ocrx_word' id='word_1_36' title='bbox 849 493 939 526; x_wconf 91' lang='lat' dir='ltr'><strong>nota</strong></span> <span class='ocrx_word' id='word_1_37' title='bbox 971 489 1091 526; x_wconf 81' lang='lat' dir='ltr'><strong>meis,</strong></span> 
     </span>
     <span class='ocr_line' id='line_1_8' title="bbox 112 544 1178 596; baseline -0.001 -13"><span class='ocrx_word' id='word_1_38' title='bbox 112 544 283 583; x_wconf 88' lang='lat' dir='ltr'><strong>Vidimus</strong></span> <span class='ocrx_word' id='word_1_39' title='bbox 315 545 484 583; x_wconf 88' lang='lat' dir='ltr'><strong>Aetnaea</strong></span> <span class='ocrx_word' id='word_1_40' title='bbox 518 545 668 584; x_wconf 89' lang='lat' dir='ltr'><strong>caelum</strong></span> <span class='ocrx_word' id='word_1_41' title='bbox 700 546 971 596; x_wconf 81' lang='lat' dir='ltr'><strong>splendescere</strong></span> <span class='ocrx_word' id='word_1_42' title='bbox 1004 545 1178 595; x_wconf 84' lang='lat' dir='ltr'><strong>flamma,</strong></span> 
     </span>
     <span class='ocr_line' id='line_1_9' title="bbox 172 603 1150 654; baseline 0 -13"><span class='ocrx_word' id='word_1_43' title='bbox 172 603 408 654; x_wconf 86' lang='lat' dir='ltr'><strong>Subpositus</strong></span> <span class='ocrx_word' id='word_1_44' title='bbox 441 605 563 642; x_wconf 86' lang='lat' dir='ltr'><strong>monti</strong></span> <span class='ocrx_word' id='word_1_45' title='bbox 595 615 710 654; x_wconf 90' lang='lat' dir='ltr'><strong>quam</strong></span> <span class='ocrx_word' id='word_1_46' title='bbox 742 605 861 642; x_wconf 91' lang='lat' dir='ltr'><strong>vomit</strong></span> <span class='ocrx_word' id='word_1_47' title='bbox 892 616 959 642; x_wconf 91' lang='lat' dir='ltr'><strong>ore</strong></span> <span class='ocrx_word' id='word_1_48' title='bbox 992 605 1150 654; x_wconf 83' lang='lat' dir='ltr'><strong>gigans:</strong></span> 
     </span>
     <span class='ocr_line' id='line_1_10' title="bbox 47 661 1116 712; baseline 0 -13"><span class='ocrx_word' id='word_1_49' title='bbox 47 669 90 700; x_wconf 81' lang='lat'><strong>25</strong></span> <span class='ocrx_word' id='word_1_50' title='bbox 111 661 394 712; x_wconf 84' lang='lat' dir='ltr'><strong>Hennaeosque</strong></span> <span class='ocrx_word' id='word_1_51' title='bbox 427 661 533 700; x_wconf 89' lang='lat' dir='ltr'><strong>lacus</strong></span> <span class='ocrx_word' id='word_1_52' title='bbox 566 668 605 701; x_wconf 88' lang='lat' dir='ltr'><strong>et</strong></span> <span class='ocrx_word' id='word_1_53' title='bbox 636 662 776 700; x_wconf 90' lang='lat' dir='ltr'><strong>olentis</strong></span> <span class='ocrx_word' id='word_1_54' title='bbox 809 668 943 712; x_wconf 88' lang='lat' dir='ltr'><strong>stagna</strong></span> <span class='ocrx_word' id='word_1_55' title='bbox 974 661 1116 712; x_wconf 84' lang='lat' dir='ltr'><strong>Palici,</strong></span> 
     </span>
     <span class='ocr_line' id='line_1_11' title="bbox 171 719 1160 771; baseline -0.001 -13"><span class='ocrx_word' id='word_1_56' title='bbox 171 719 332 770; x_wconf 89' lang='lat' dir='ltr'><strong>Quaque</strong></span> <span class='ocrx_word' id='word_1_57' title='bbox 365 721 446 758; x_wconf 91' lang='lat' dir='ltr'><strong>suis</strong></span> <span class='ocrx_word' id='word_1_58' title='bbox 479 719 633 771; x_wconf 77' lang='lat' dir='ltr'><strong>Cyanen</strong></span> <span class='ocrx_word' id='word_1_59' title='bbox 667 721 805 758; x_wconf 88' lang='lat' dir='ltr'><strong>miscet</strong></span> <span class='ocrx_word' id='word_1_60' title='bbox 836 720 994 770; x_wconf 83' lang='lat' dir='ltr'><strong>Anapus</strong></span> <span class='ocrx_word' id='word_1_61' title='bbox 1027 721 1160 769; x_wconf 82' lang='lat' dir='ltr'><strong>aquis.</strong></span> 
     </span>
     <span class='ocr_line' id='line_1_12' title="bbox 110 776 1239 830; baseline -0.001 -14"><span class='ocrx_word' id='word_1_62' title='bbox 110 776 189 816; x_wconf 88' lang='lat' dir='ltr'><strong>Nec</strong></span> <span class='ocrx_word' id='word_1_63' title='bbox 227 777 365 829; x_wconf 87' lang='lat' dir='ltr'><strong>procul</strong></span> <span class='ocrx_word' id='word_1_64' title='bbox 396 779 488 817; x_wconf 89' lang='lat' dir='ltr'><strong>hinc</strong></span> <span class='ocrx_word' id='word_1_65' title='bbox 520 777 687 829; x_wconf 86' lang='lat' dir='ltr'><strong>nympha</strong></span> <span class='ocrx_word' id='word_1_66' title='bbox 720 783 809 830; x_wconf 81' lang='lat' dir='ltr'><strong>est,</strong></span> <span class='ocrx_word' id='word_1_67' title='bbox 847 790 944 827; x_wconf 90' lang='lat' dir='ltr'><strong>quae</strong></span> <span class='ocrx_word' id='word_1_68' title='bbox 963 808 974 829; x_wconf 87' lang='lat'><em>‚</em></span> <span class='ocrx_word' id='word_1_69' title='bbox 1012 777 1104 815; x_wconf 90' lang='lat' dir='ltr'><strong>dum</strong></span> <span class='ocrx_word' id='word_1_70' title='bbox 1140 777 1239 827; x_wconf 85' lang='lat' dir='ltr'><strong>fugit</strong></span> 
     </span>
     <span class='ocr_line' id='line_1_13' title="bbox 834 835 1164 887; baseline 0 -14"><span class='ocrx_word' id='word_1_71' title='bbox 834 835 956 874; x_wconf 90' lang='lat' dir='ltr'><strong>Elidis</strong></span> <span class='ocrx_word' id='word_1_72' title='bbox 988 847 1164 887; x_wconf 71' lang='lat' dir='ltr'><strong>amnem,</strong></span> 
     </span>
     <span class='ocr_line' id='line_1_14' title="bbox 169 893 1248 945; baseline 0.001 -14"><span class='ocrx_word' id='word_1_73' title='bbox 169 893 288 932; x_wconf 87' lang='lat' dir='ltr'><strong>Tecta</strong></span> <span class='ocrx_word' id='word_1_74' title='bbox 321 894 393 933; x_wconf 93' lang='lat' dir='ltr'><strong>sub</strong></span> <span class='ocrx_word' id='word_1_75' title='bbox 425 906 617 945; x_wconf 88' lang='lat' dir='ltr'><strong>aequorea</strong></span> <span class='ocrx_word' id='word_1_76' title='bbox 648 905 753 932; x_wconf 86' lang='lat' dir='ltr'><strong>nunc</strong></span> <span class='ocrx_word' id='word_1_77' title='bbox 786 905 941 944; x_wconf 90' lang='lat' dir='ltr'><strong>quoque</strong></span> <span class='ocrx_word' id='word_1_78' title='bbox 974 895 1099 932; x_wconf 87' lang='lat' dir='ltr'><strong>currit</strong></span> <span class='ocrx_word' id='word_1_79' title='bbox 1129 905 1248 944; x_wconf 89' lang='lat' dir='ltr'><strong>aqua.</strong></span> 
     </span>
     <span class='ocr_line' id='line_1_15' title="bbox 110 949 1220 1003; baseline 0.001 -14"><span class='ocrx_word' id='word_1_80' title='bbox 110 949 180 990; x_wconf 89' lang='lat' dir='ltr'><strong>Hic</strong></span> <span class='ocrx_word' id='word_1_81' title='bbox 212 952 308 990; x_wconf 89' lang='lat' dir='ltr'><strong>mihi</strong></span> <span class='ocrx_word' id='word_1_82' title='bbox 338 952 504 990; x_wconf 88' lang='lat' dir='ltr'><strong>labentis</strong></span> <span class='ocrx_word' id='word_1_83' title='bbox 535 964 625 1003; x_wconf 87' lang='lat' dir='ltr'><strong>pars</strong></span> <span class='ocrx_word' id='word_1_84' title='bbox 659 953 749 990; x_wconf 91' lang='lat' dir='ltr'><strong>anni</strong></span> <span class='ocrx_word' id='word_1_85' title='bbox 780 964 916 1002; x_wconf 86' lang='lat' dir='ltr'><strong>magna</strong></span> <span class='ocrx_word' id='word_1_86' title='bbox 950 956 1106 1002; x_wconf 83' lang='lat' dir='ltr'><strong>peraeta</strong></span> <span class='ocrx_word' id='word_1_87' title='bbox 1138 957 1220 990; x_wconf 89' lang='lat' dir='ltr'><strong>est.</strong></span> 
     </span>
     <span class='ocr_line' id='line_1_16' title="bbox 47 1008 1114 1061; baseline -0.001 -12"><span class='ocrx_word' id='word_1_88' title='bbox 47 1019 89 1049; x_wconf 90' lang='lat'><strong>30</strong></span> <span class='ocrx_word' id='word_1_89' title='bbox 168 1009 303 1049; x_wconf 79' lang='lat' dir='ltr'><strong>Eheu!</strong></span> <span class='ocrx_word' id='word_1_90' title='bbox 342 1022 457 1061; x_wconf 90' lang='lat' dir='ltr'><strong>quam</strong></span> <span class='ocrx_word' id='word_1_91' title='bbox 490 1010 620 1061; x_wconf 87' lang='lat' dir='ltr'><strong>dispar</strong></span> <span class='ocrx_word' id='word_1_92' title='bbox 653 1016 712 1048; x_wconf 89' lang='lat' dir='ltr'><strong>est</strong></span> <span class='ocrx_word' id='word_1_93' title='bbox 742 1010 852 1048; x_wconf 90' lang='lat' dir='ltr'><strong>locus</strong></span> <span class='ocrx_word' id='word_1_94' title='bbox 884 1010 947 1048; x_wconf 93' lang='lat' dir='ltr'><strong>ille</strong></span> <span class='ocrx_word' id='word_1_95' title='bbox 981 1008 1114 1048; x_wconf 80' lang='lat' dir='ltr'><strong>Getis!</strong></span> 
     </span>
     <span class='ocr_line' id='line_1_17' title="bbox 108 1067 1326 1120; baseline -0.001 -13"><span class='ocrx_word' id='word_1_96' title='bbox 108 1067 157 1106; x_wconf 90' lang='lat' dir='ltr'><strong>Et</strong></span> <span class='ocrx_word' id='word_1_97' title='bbox 190 1073 307 1119; x_wconf 86' lang='lat' dir='ltr'><strong>quota</strong></span> <span class='ocrx_word' id='word_1_98' title='bbox 332 1080 423 1118; x_wconf 92' lang='lat' dir='ltr'><strong>pars</strong></span> <span class='ocrx_word' id='word_1_99' title='bbox 449 1068 544 1107; x_wconf 87' lang='lat' dir='ltr'><strong>haec</strong></span> <span class='ocrx_word' id='word_1_100' title='bbox 571 1074 662 1107; x_wconf 87' lang='lat' dir='ltr'><strong>sunt</strong></span> <span class='ocrx_word' id='word_1_101' title='bbox 688 1080 820 1106; x_wconf 86' lang='lat' dir='ltr'><strong>rerum</strong></span> <span class='ocrx_word' id='word_1_102' title='bbox 839 1099 850 1120; x_wconf 85' lang='lat'><em>‚</em></span> <span class='ocrx_word' id='word_1_103' title='bbox 878 1080 974 1119; x_wconf 90' lang='lat' dir='ltr'><strong>quas</strong></span> <span class='ocrx_word' id='word_1_104' title='bbox 1000 1068 1167 1107; x_wconf 86' lang='lat' dir='ltr'><strong>vidimus</strong></span> <span class='ocrx_word' id='word_1_105' title='bbox 1193 1067 1326 1120; x_wconf 85' lang='lat' dir='ltr'><strong>ambo,</strong></span> 
     </span>
     <span class='ocr_line' id='line_1_18' title="bbox 168 1125 932 1166; baseline 0.001 -2"><span class='ocrx_word' id='word_1_106' title='bbox 168 1125 223 1165; x_wconf 90' lang='lat' dir='ltr'><strong>Te</strong></span> <span class='ocrx_word' id='word_1_107' title='bbox 256 1126 351 1165; x_wconf 91' lang='lat' dir='ltr'><strong>mihi</strong></span> <span class='ocrx_word' id='word_1_108' title='bbox 382 1127 571 1166; x_wconf 88' lang='lat' dir='ltr'><strong>iucundas</strong></span> <span class='ocrx_word' id='word_1_109' title='bbox 605 1127 798 1165; x_wconf 89' lang='lat' dir='ltr'><strong>efficiente</strong></span> <span class='ocrx_word' id='word_1_110' title='bbox 830 1126 932 1165; x_wconf 82' lang='lat' dir='ltr'><strong>vias!</strong></span> 
     </span>
     <span class='ocr_line' id='line_1_19' title="bbox 112 1184 1115 1237; baseline 0 -14"><span class='ocrx_word' id='word_1_111' title='bbox 112 1185 189 1223; x_wconf 89' lang='lat' dir='ltr'><strong>Seu</strong></span> <span class='ocrx_word' id='word_1_112' title='bbox 222 1190 304 1223; x_wconf 89' lang='lat' dir='ltr'><strong>rate</strong></span> <span class='ocrx_word' id='word_1_113' title='bbox 337 1185 535 1224; x_wconf 88' lang='lat' dir='ltr'><strong>caeruleas</strong></span> <span class='ocrx_word' id='word_1_114' title='bbox 567 1186 669 1235; x_wconf 88' lang='lat' dir='ltr'><strong>picta</strong></span> <span class='ocrx_word' id='word_1_115' title='bbox 702 1185 936 1224; x_wconf 84' lang='lat' dir='ltr'><strong>sulcavimus</strong></span> <span class='ocrx_word' id='word_1_116' title='bbox 968 1184 1115 1237; x_wconf 81' lang='lat' dir='ltr'><strong>undas,</strong></span> 
     </span>
     <span class='ocr_line' id='line_1_20' title="bbox 168 1242 948 1294; baseline 0.001 -13"><span class='ocrx_word' id='word_1_117' title='bbox 168 1242 315 1282; x_wconf 91' lang='lat' dir='ltr'><strong>Esseda</strong></span> <span class='ocrx_word' id='word_1_118' title='bbox 347 1255 418 1282; x_wconf 90' lang='lat' dir='ltr'><strong>nos</strong></span> <span class='ocrx_word' id='word_1_119' title='bbox 451 1243 539 1294; x_wconf 90' lang='lat' dir='ltr'><strong>agili</strong></span> <span class='ocrx_word' id='word_1_120' title='bbox 571 1244 649 1282; x_wconf 91' lang='lat' dir='ltr'><strong>sive</strong></span> <span class='ocrx_word' id='word_1_121' title='bbox 683 1243 808 1282; x_wconf 90' lang='lat' dir='ltr'><strong>tulere</strong></span> <span class='ocrx_word' id='word_1_122' title='bbox 840 1248 948 1282; x_wconf 86' lang='lat' dir='ltr'><strong>rota:</strong></span> 
     </span>
    </p>

    <p class='ocr_par' dir='ltr' id='par_1_3' title="bbox 46 1300 1269 1470">
     <span class='ocr_line' id='line_1_21' title="bbox 46 1300 1166 1353; baseline 0 -13"><span class='ocrx_word' id='word_1_123' title='bbox 46 1309 89 1340; x_wconf 85' lang='lat'><strong>35</strong></span> <span class='ocrx_word' id='word_1_124' title='bbox 111 1300 234 1352; x_wconf 89' lang='lat' dir='ltr'><strong>Saepe</strong></span> <span class='ocrx_word' id='word_1_125' title='bbox 266 1301 397 1340; x_wconf 84' lang='lat' dir='ltr'><strong>brevis</strong></span> <span class='ocrx_word' id='word_1_126' title='bbox 429 1301 541 1340; x_wconf 89' lang='lat' dir='ltr'><strong>nobis</strong></span> <span class='ocrx_word' id='word_1_127' title='bbox 574 1301 723 1340; x_wconf 87' lang='lat' dir='ltr'><strong>vicibus</strong></span> <span class='ocrx_word' id='word_1_128' title='bbox 755 1303 814 1340; x_wconf 91' lang='lat' dir='ltr'><strong>via</strong></span> <span class='ocrx_word' id='word_1_129' title='bbox 846 1302 927 1340; x_wconf 90' lang='lat' dir='ltr'><strong>visa</strong></span> <span class='ocrx_word' id='word_1_130' title='bbox 958 1301 1166 1353; x_wconf 78' lang='lat' dir='ltr'><strong>loquendI:</strong></span> 
     </span>
     <span class='ocr_line' id='line_1_22' title="bbox 167 1359 1171 1411; baseline 0.001 -14"><span class='ocrx_word' id='word_1_131' title='bbox 167 1359 362 1410; x_wconf 85' lang='lat' dir='ltr'><strong>Pluraque</strong></span> <span class='ocrx_word' id='word_1_132' title='bbox 381 1391 391 1411; x_wconf 90' lang='lat'><em>,</em></span> <span class='ocrx_word' id='word_1_133' title='bbox 424 1361 458 1398; x_wconf 93' lang='lat' dir='ltr'><strong>si</strong></span> <span class='ocrx_word' id='word_1_134' title='bbox 488 1372 701 1411; x_wconf 82' lang='lat' dir='ltr'><strong>numeres,</strong></span> <span class='ocrx_word' id='word_1_135' title='bbox 733 1359 849 1398; x_wconf 88' lang='lat' dir='ltr'><strong>verba</strong></span> <span class='ocrx_word' id='word_1_136' title='bbox 882 1360 992 1399; x_wconf 88' lang='lat' dir='ltr'><strong>fuere</strong></span> <span class='ocrx_word' id='word_1_137' title='bbox 1025 1360 1171 1410; x_wconf 88' lang='lat' dir='ltr'><strong>gradu.</strong></span> 
     </span>
     <span class='ocr_line' id='line_1_23' title="bbox 111 1417 1269 1470; baseline 0 -14"><span class='ocrx_word' id='word_1_138' title='bbox 111 1417 233 1468; x_wconf 91' lang='lat' dir='ltr'><strong>Saepe</strong></span> <span class='ocrx_word' id='word_1_139' title='bbox 267 1418 349 1456; x_wconf 89' lang='lat' dir='ltr'><strong>dies</strong></span> <span class='ocrx_word' id='word_1_140' title='bbox 382 1430 561 1456; x_wconf 89' lang='lat' dir='ltr'><strong>sermone</strong></span> <span class='ocrx_word' id='word_1_141' title='bbox 594 1419 721 1456; x_wconf 89' lang='lat' dir='ltr'><strong>minor</strong></span> <span class='ocrx_word' id='word_1_142' title='bbox 753 1418 851 1470; x_wconf 77' lang='lat' dir='ltr'><strong>fuit3</strong></span> <span class='ocrx_word' id='word_1_143' title='bbox 881 1419 1000 1469; x_wconf 91' lang='lat' dir='ltr'><strong>inque</strong></span> <span class='ocrx_word' id='word_1_144' title='bbox 1032 1417 1269 1469; x_wconf 89' lang='lat' dir='ltr'><strong>loquendum</strong></span> 
     </span>
    </p>

    <p class='ocr_par' dir='ltr' id='par_1_4' title="bbox 46 1476 1325 2392">
     <span class='ocr_line' id='line_1_24' title="bbox 168 1476 1014 1527; baseline 0.001 -13"><span class='ocrx_word' id='word_1_145' title='bbox 168 1476 293 1514; x_wconf 84' lang='lat' dir='ltr'><strong>Tarda</strong></span> <span class='ocrx_word' id='word_1_146' title='bbox 324 1488 396 1527; x_wconf 85' lang='lat' dir='ltr'><strong>per</strong></span> <span class='ocrx_word' id='word_1_147' title='bbox 427 1477 594 1514; x_wconf 85' lang='lat' dir='ltr'><strong>aestivos</strong></span> <span class='ocrx_word' id='word_1_148' title='bbox 626 1476 749 1514; x_wconf 89' lang='lat' dir='ltr'><strong>defuit</strong></span> <span class='ocrx_word' id='word_1_149' title='bbox 781 1476 875 1514; x_wconf 92' lang='lat' dir='ltr'><strong>hora</strong></span> <span class='ocrx_word' id='word_1_150' title='bbox 909 1476 1014 1515; x_wconf 80' lang='lat' dir='ltr'><strong>dies,</strong></span> 
     </span>
     <span class='ocr_line' id='line_1_25' title="bbox 109 1533 1325 1586; baseline 0.002 -13"><span class='ocrx_word' id='word_1_151' title='bbox 109 1533 180 1573; x_wconf 87' lang='lat' dir='ltr'><strong>Est</strong></span> <span class='ocrx_word' id='word_1_152' title='bbox 211 1534 355 1586; x_wconf 88' lang='lat' dir='ltr'><strong>aliquid</strong></span> <span class='ocrx_word' id='word_1_153' title='bbox 374 1565 385 1586; x_wconf 82' lang='lat'><em>,</em></span> <span class='ocrx_word' id='word_1_154' title='bbox 417 1546 530 1573; x_wconf 89' lang='lat' dir='ltr'><strong>casus</strong></span> <span class='ocrx_word' id='word_1_155' title='bbox 562 1535 709 1585; x_wconf 87' lang='lat' dir='ltr'><strong>pariter</strong></span> <span class='ocrx_word' id='word_1_156' title='bbox 741 1535 918 1573; x_wconf 87' lang='lat' dir='ltr'><strong>timuisse</strong></span> <span class='ocrx_word' id='word_1_157' title='bbox 951 1536 1148 1586; x_wconf 84' lang='lat' dir='ltr'><strong>marinos,</strong></span> <span class='ocrx_word' id='word_1_158' title='bbox 1270 1543 1325 1575; x_wconf 76' lang='lat'>(70)</span> 
     </span>
     <span class='ocr_line' id='line_1_26' title="bbox 49 1592 1147 1644; baseline -0.001 -12"><span class='ocrx_word' id='word_1_159' title='bbox 49 1601 93 1632; x_wconf 90' lang='lat'><strong>40</strong></span> <span class='ocrx_word' id='word_1_160' title='bbox 171 1593 385 1644; x_wconf 83' lang='lat' dir='ltr'><strong>Iunctaque</strong></span> <span class='ocrx_word' id='word_1_161' title='bbox 418 1592 463 1631; x_wconf 88' lang='lat' dir='ltr'><strong>ad</strong></span> <span class='ocrx_word' id='word_1_162' title='bbox 497 1604 712 1644; x_wconf 85' lang='lat' dir='ltr'><strong>aequoreos</strong></span> <span class='ocrx_word' id='word_1_163' title='bbox 744 1598 830 1631; x_wconf 86' lang='lat' dir='ltr'><strong>vota</strong></span> <span class='ocrx_word' id='word_1_164' title='bbox 862 1592 997 1631; x_wconf 83' lang='lat' dir='ltr'><strong>tulisse</strong></span> <span class='ocrx_word' id='word_1_165' title='bbox 1031 1592 1147 1631; x_wconf 90' lang='lat' dir='ltr'><strong>deos:</strong></span> 
     </span>
     <span class='ocr_line' id='line_1_27' title="bbox 109 1650 1236 1703; baseline -0.001 -13"><span class='ocrx_word' id='word_1_166' title='bbox 109 1650 158 1690; x_wconf 86' lang='lat' dir='ltr'><strong>Et</strong></span> <span class='ocrx_word' id='word_1_167' title='bbox 189 1651 302 1690; x_wconf 88' lang='lat' dir='ltr'><strong>modo</strong></span> <span class='ocrx_word' id='word_1_168' title='bbox 334 1663 399 1690; x_wconf 87' lang='lat' dir='ltr'><strong>res</strong></span> <span class='ocrx_word' id='word_1_169' title='bbox 431 1652 556 1702; x_wconf 86' lang='lat' dir='ltr'><strong>egisse</strong></span> <span class='ocrx_word' id='word_1_170' title='bbox 590 1650 733 1703; x_wconf 87' lang='lat' dir='ltr'><strong>simul,</strong></span> <span class='ocrx_word' id='word_1_171' title='bbox 766 1651 878 1690; x_wconf 88' lang='lat' dir='ltr'><strong>modo</strong></span> <span class='ocrx_word' id='word_1_172' title='bbox 911 1663 1050 1690; x_wconf 87' lang='lat' dir='ltr'><strong>rursus</strong></span> <span class='ocrx_word' id='word_1_173' title='bbox 1083 1651 1129 1689; x_wconf 90' lang='lat' dir='ltr'><strong>ab</strong></span> <span class='ocrx_word' id='word_1_174' title='bbox 1161 1650 1236 1689; x_wconf 92' lang='lat' dir='ltr'><strong>illis</strong></span> 
     </span>
     <span class='ocr_line' id='line_1_28' title="bbox 169 1709 1148 1761; baseline 0 -13"><span class='ocrx_word' id='word_1_175' title='bbox 169 1709 344 1755; x_wconf 87' lang='lat' dir='ltr'><strong>Quorum</strong></span> <span class='ocrx_word' id='word_1_176' title='bbox 376 1721 454 1748; x_wconf 92' lang='lat' dir='ltr'><strong>non</strong></span> <span class='ocrx_word' id='word_1_177' title='bbox 485 1709 658 1761; x_wconf 86' lang='lat' dir='ltr'><strong>pudeat,</strong></span> <span class='ocrx_word' id='word_1_178' title='bbox 690 1721 805 1760; x_wconf 90' lang='lat' dir='ltr'><strong>posse</strong></span> <span class='ocrx_word' id='word_1_179' title='bbox 837 1710 986 1748; x_wconf 79' lang='lat' dir='ltr'><strong>referre</strong></span> <span class='ocrx_word' id='word_1_180' title='bbox 1018 1711 1148 1748; x_wconf 90' lang='lat' dir='ltr'><strong>iocos.</strong></span> 
     </span>
     <span class='ocr_line' id='line_1_29' title="bbox 109 1767 1325 1819; baseline 0.001 -13"><span class='ocrx_word' id='word_1_181' title='bbox 109 1767 213 1806; x_wconf 87' lang='lat' dir='ltr'><strong>Haec</strong></span> <span class='ocrx_word' id='word_1_182' title='bbox 244 1767 316 1806; x_wconf 85' lang='lat' dir='ltr'><strong>tibi</strong></span> <span class='ocrx_word' id='word_1_183' title='bbox 348 1780 437 1806; x_wconf 90' lang='lat' dir='ltr'><strong>cum</strong></span> <span class='ocrx_word' id='word_1_184' title='bbox 470 1767 663 1819; x_wconf 91' lang='lat' dir='ltr'><strong>subeant,</strong></span> <span class='ocrx_word' id='word_1_185' title='bbox 696 1767 819 1806; x_wconf 90' lang='lat' dir='ltr'><strong>absim</strong></span> <span class='ocrx_word' id='word_1_186' title='bbox 850 1767 968 1819; x_wconf 77' lang='lat' dir='ltr'><strong>licet,</strong></span> <span class='ocrx_word' id='word_1_187' title='bbox 1001 1767 1182 1806; x_wconf 89' lang='lat' dir='ltr'><strong>omnibus</strong></span> <span class='ocrx_word' id='word_1_188' title='bbox 1214 1770 1325 1807; x_wconf 89' lang='lat' dir='ltr'><strong>annis</strong></span> 
     </span>
     <span class='ocr_line' id='line_1_30' title="bbox 168 1825 1095 1877; baseline 0.001 -13"><span class='ocrx_word' id='word_1_189' title='bbox 168 1826 266 1865; x_wconf 88' lang='lat' dir='ltr'><strong>Ante</strong></span> <span class='ocrx_word' id='word_1_190' title='bbox 299 1831 387 1864; x_wconf 89' lang='lat' dir='ltr'><strong>tuos</strong></span> <span class='ocrx_word' id='word_1_191' title='bbox 420 1825 582 1877; x_wconf 83' lang='lat' dir='ltr'><strong>oculos,</strong></span> <span class='ocrx_word' id='word_1_192' title='bbox 614 1832 658 1865; x_wconf 91' lang='lat' dir='ltr'><strong>ut</strong></span> <span class='ocrx_word' id='word_1_193' title='bbox 689 1826 803 1864; x_wconf 89' lang='lat' dir='ltr'><strong>modo</strong></span> <span class='ocrx_word' id='word_1_194' title='bbox 837 1828 943 1864; x_wconf 90' lang='lat' dir='ltr'><strong>visus</strong></span> <span class='ocrx_word' id='word_1_195' title='bbox 962 1858 972 1877; x_wconf 87' lang='lat'><strong><em>,</em></strong></span> <span class='ocrx_word' id='word_1_196' title='bbox 1005 1838 1095 1865; x_wconf 88' lang='lat' dir='ltr'><strong>ero.</strong></span> 
     </span>
     <span class='ocr_line' id='line_1_31' title="bbox 46 1884 1259 1937; baseline 0 -14"><span class='ocrx_word' id='word_1_197' title='bbox 46 1892 90 1923; x_wconf 85' lang='lat'><strong>45</strong></span> <span class='ocrx_word' id='word_1_198' title='bbox 110 1884 196 1937; x_wconf 86' lang='lat' dir='ltr'><strong>Ipse</strong></span> <span class='ocrx_word' id='word_1_199' title='bbox 229 1884 410 1935; x_wconf 90' lang='lat' dir='ltr'><strong>equidem</strong></span> <span class='ocrx_word' id='word_1_200' title='bbox 443 1890 548 1923; x_wconf 89' lang='lat' dir='ltr'><strong>certe</strong></span> <span class='ocrx_word' id='word_1_201' title='bbox 581 1896 670 1922; x_wconf 92' lang='lat' dir='ltr'><strong>cum</strong></span> <span class='ocrx_word' id='word_1_202' title='bbox 702 1886 774 1922; x_wconf 89' lang='lat' dir='ltr'><strong>sim</strong></span> <span class='ocrx_word' id='word_1_203' title='bbox 807 1884 879 1922; x_wconf 92' lang='lat' dir='ltr'><strong>sub</strong></span> <span class='ocrx_word' id='word_1_204' title='bbox 912 1884 1069 1923; x_wconf 88' lang='lat' dir='ltr'><strong>cardine</strong></span> <span class='ocrx_word' id='word_1_205' title='bbox 1102 1884 1259 1937; x_wconf 80' lang='lat' dir='ltr'><strong>mundi,</strong></span> 
     </span>
     <span class='ocr_line' id='line_1_32' title="bbox 170 1942 1069 1994; baseline -0.001 -13"><span class='ocrx_word' id='word_1_206' title='bbox 170 1943 245 1989; x_wconf 89' lang='lat' dir='ltr'><strong>Qui</strong></span> <span class='ocrx_word' id='word_1_207' title='bbox 278 1954 431 1994; x_wconf 84' lang='lat' dir='ltr'><strong>semper</strong></span> <span class='ocrx_word' id='word_1_208' title='bbox 462 1942 620 1994; x_wconf 86' lang='lat' dir='ltr'><strong>liquidis</strong></span> <span class='ocrx_word' id='word_1_209' title='bbox 653 1942 766 1981; x_wconf 88' lang='lat' dir='ltr'><strong>altior</strong></span> <span class='ocrx_word' id='word_1_210' title='bbox 799 1948 903 1989; x_wconf 82' lang='lat' dir='ltr'><strong>extat</strong></span> <span class='ocrx_word' id='word_1_211' title='bbox 935 1944 1069 1994; x_wconf 77' lang='lat' dir='ltr'><strong>aquis,</strong></span> 
     </span>
     <span class='ocr_line' id='line_1_33' title="bbox 112 2000 1141 2053; baseline -0.001 -13"><span class='ocrx_word' id='word_1_212' title='bbox 112 2001 165 2040; x_wconf 92' lang='lat' dir='ltr'><strong>Te</strong></span> <span class='ocrx_word' id='word_1_213' title='bbox 197 2007 327 2040; x_wconf 82' lang='lat' dir='ltr'><strong>tamen</strong></span> <span class='ocrx_word' id='word_1_214' title='bbox 358 2003 514 2040; x_wconf 90' lang='lat' dir='ltr'><strong>intueor</strong></span> <span class='ocrx_word' id='word_1_215' title='bbox 547 2013 622 2052; x_wconf 93' lang='lat' dir='ltr'><strong>quo</strong></span> <span class='ocrx_word' id='word_1_216' title='bbox 655 2000 736 2039; x_wconf 89' lang='lat' dir='ltr'><strong>solo</strong></span> <span class='ocrx_word' id='word_1_217' title='bbox 768 2006 927 2051; x_wconf 88' lang='lat' dir='ltr'><strong>pectore</strong></span> <span class='ocrx_word' id='word_1_218' title='bbox 958 2012 1141 2053; x_wconf 82' lang='lat' dir='ltr'><strong>possum,</strong></span> 
     </span>
     <span class='ocr_line' id='line_1_34' title="bbox 170 2058 1082 2110; baseline -0.001 -12"><span class='ocrx_word' id='word_1_219' title='bbox 170 2059 219 2098; x_wconf 89' lang='lat' dir='ltr'><strong>Et</strong></span> <span class='ocrx_word' id='word_1_220' title='bbox 249 2064 378 2098; x_wconf 86' lang='lat' dir='ltr'><strong>tecum</strong></span> <span class='ocrx_word' id='word_1_221' title='bbox 411 2059 536 2110; x_wconf 90' lang='lat' dir='ltr'><strong>gelido</strong></span> <span class='ocrx_word' id='word_1_222' title='bbox 569 2071 683 2110; x_wconf 86' lang='lat' dir='ltr'><strong>saepe</strong></span> <span class='ocrx_word' id='word_1_223' title='bbox 717 2058 789 2097; x_wconf 92' lang='lat' dir='ltr'><strong>sub</strong></span> <span class='ocrx_word' id='word_1_224' title='bbox 822 2071 891 2097; x_wconf 84' lang='lat' dir='ltr'><strong>axe</strong></span> <span class='ocrx_word' id='word_1_225' title='bbox 922 2058 1082 2109; x_wconf 90' lang='lat' dir='ltr'><strong>loquor.</strong></span> 
     </span>
     <span class='ocr_line' id='line_1_35' title="bbox 111 2116 1267 2170; baseline 0 -14"><span class='ocrx_word' id='word_1_226' title='bbox 111 2117 181 2157; x_wconf 92' lang='lat' dir='ltr'><strong>Hic</strong></span> <span class='ocrx_word' id='word_1_227' title='bbox 213 2129 285 2170; x_wconf 84' lang='lat' dir='ltr'><strong>es,</strong></span> <span class='ocrx_word' id='word_1_228' title='bbox 316 2123 354 2156; x_wconf 90' lang='lat' dir='ltr'><strong>et</strong></span> <span class='ocrx_word' id='word_1_229' title='bbox 383 2119 568 2169; x_wconf 81' lang='lat' dir='ltr'><strong>ignoras3</strong></span> <span class='ocrx_word' id='word_1_230' title='bbox 601 2124 639 2156; x_wconf 90' lang='lat' dir='ltr'><strong>et</strong></span> <span class='ocrx_word' id='word_1_231' title='bbox 670 2117 761 2155; x_wconf 90' lang='lat' dir='ltr'><strong>ades</strong></span> <span class='ocrx_word' id='word_1_232' title='bbox 794 2116 1072 2156; x_wconf 86' lang='lat' dir='ltr'><strong>celeberrimus</strong></span> <span class='ocrx_word' id='word_1_233' title='bbox 1104 2116 1267 2156; x_wconf 88' lang='lat' dir='ltr'><strong>absens:</strong></span> 
     </span>
     <span class='ocr_line' id='line_1_36' title="bbox 49 2174 1135 2227; baseline -0.001 -12"><span class='ocrx_word' id='word_1_234' title='bbox 49 2184 93 2216; x_wconf 84' lang='lat'><strong>50</strong></span> <span class='ocrx_word' id='word_1_235' title='bbox 171 2175 292 2227; x_wconf 90' lang='lat' dir='ltr'><strong>Inque</strong></span> <span class='ocrx_word' id='word_1_236' title='bbox 324 2175 438 2215; x_wconf 88' lang='lat' dir='ltr'><strong>Getas</strong></span> <span class='ocrx_word' id='word_1_237' title='bbox 470 2176 596 2215; x_wconf 88' lang='lat' dir='ltr'><strong>media</strong></span> <span class='ocrx_word' id='word_1_238' title='bbox 627 2177 757 2215; x_wconf 88' lang='lat' dir='ltr'><strong>iussus</strong></span> <span class='ocrx_word' id='word_1_239' title='bbox 790 2175 836 2213; x_wconf 89' lang='lat' dir='ltr'><strong>ab</strong></span> <span class='ocrx_word' id='word_1_240' title='bbox 869 2174 972 2213; x_wconf 89' lang='lat' dir='ltr'><strong>Urbe</strong></span> <span class='ocrx_word' id='word_1_241' title='bbox 1004 2176 1135 2214; x_wconf 82' lang='lat' dir='ltr'><strong>veniS.</strong></span> 
     </span>
     <span class='ocr_line' id='line_1_37' title="bbox 112 2233 1280 2287; baseline 0 -15"><span class='ocrx_word' id='word_1_242' title='bbox 112 2233 243 2272; x_wconf 86' lang='lat' dir='ltr'><strong>Redde</strong></span> <span class='ocrx_word' id='word_1_243' title='bbox 275 2235 397 2273; x_wconf 82' lang='lat' dir='ltr'><strong>vicem</strong></span> <span class='ocrx_word' id='word_1_244' title='bbox 417 2265 428 2287; x_wconf 80' lang='lat'><em>,</em></span> <span class='ocrx_word' id='word_1_245' title='bbox 460 2241 498 2273; x_wconf 89' lang='lat' dir='ltr'><strong>et</strong></span> <span class='ocrx_word' id='word_1_246' title='bbox 516 2265 527 2287; x_wconf 67' lang='lat'><em>7</em></span> <span class='ocrx_word' id='word_1_247' title='bbox 560 2235 742 2285; x_wconf 88' lang='lat' dir='ltr'><strong>quoniam</strong></span> <span class='ocrx_word' id='word_1_248' title='bbox 773 2235 881 2284; x_wconf 83' lang='lat' dir='ltr'><strong>regio</strong></span> <span class='ocrx_word' id='word_1_249' title='bbox 914 2233 1064 2272; x_wconf 89' lang='lat' dir='ltr'><strong>felicior</strong></span> <span class='ocrx_word' id='word_1_250' title='bbox 1094 2235 1167 2273; x_wconf 91' lang='lat' dir='ltr'><strong>ista</strong></span> <span class='ocrx_word' id='word_1_251' title='bbox 1199 2240 1280 2284; x_wconf 70' lang='lat' dir='ltr'><strong>est,</strong></span> 
     </span>
     <span class='ocr_line' id='line_1_38' title="bbox 170 2291 1064 2345; baseline -0.001 -14"><span class='ocrx_word' id='word_1_252' title='bbox 170 2292 260 2331; x_wconf 86' lang='lat' dir='ltr'><strong>Istic</strong></span> <span class='ocrx_word' id='word_1_253' title='bbox 291 2304 353 2331; x_wconf 90' lang='lat' dir='ltr'><strong>me</strong></span> <span class='ocrx_word' id='word_1_254' title='bbox 385 2294 548 2333; x_wconf 82' lang='lat' dir='ltr'><strong>memori</strong></span> <span class='ocrx_word' id='word_1_255' title='bbox 579 2299 737 2345; x_wconf 75' lang='lat' dir='ltr'><strong>pectore</strong></span> <span class='ocrx_word' id='word_1_256' title='bbox 770 2303 924 2344; x_wconf 92' lang='lat' dir='ltr'><strong>semper</strong></span> <span class='ocrx_word' id='word_1_257' title='bbox 955 2291 1064 2330; x_wconf 89' lang='lat' dir='ltr'><strong>habe.</strong></span> 
     </span>
     <span class='ocr_line' id='line_1_39' title="bbox 1044 2357 1112 2392; baseline 0 0"><span class='ocrx_word' id='word_1_258' title='bbox 1044 2357 1112 2392; x_wconf 76' lang='lat'><strong>11*</strong></span> 
     </span>
    </p>
   </div>
  </div>
 </body>
</html>
