1601 2484
211 100 312 134 XXX

328 209 422 257 Pag.
457 215 642 246 CLXXXV
668 206 860 244 distichon
879 207 915 243 V
937 209 1020 245 633
1044 209 1126 245 634
1158 206 1319 244 ridicule
1351 206 1541 243 insertum

212 268 275 304 est
300 266 341 302 in
365 266 495 303 media
513 265 560 301 de
585 267 703 311 ponte
731 264 893 301 sublicio
920 265 1074 303 Tiberis
1099 264 1335 312 narratione,
1366 263 1470 312 quod
1495 263 1541 300 de

216 324 401 372 pontibus
435 324 662 369 saeptorum
693 321 734 358 in
754 320 899 370 Campo
931 323 1024 371 agit,
1058 335 1077 359 e
1109 323 1226 360 Festo
1252 331 1315 359 XV
1343 323 1379 367 3,
1411 323 1456 358 ut
1486 321 1541 358 vi-

214 382 344 429 detur,
389 391 627 428 expressum.
699 379 895 417 inserendi
938 382 1069 417 autem
1112 392 1229 417 causa
1268 391 1367 428 quae
1410 378 1541 426 fuerit,

211 438 321 475 nulla
351 437 598 486 intellegitur
633 438 909 486 praeterquam
939 438 1095 476 lacuna:
1133 437 1305 486 positum
1336 438 1441 475 certe
1473 436 1541 474 ali-

214 496 328 544 quod,
360 495 463 544 quod
493 495 689 533 vetustius
721 494 838 543 Urbe,
869 495 956 533 fuit.

330 553 423 602 Pag.
447 560 534 591 CCV
565 552 759 590 distichon
783 552 839 590 VI
866 554 948 591 345
977 554 1059 591 346
1086 553 1322 591 damnarunt
1347 551 1543 600 Heinsius,

213 613 257 648 ut
301 615 396 659 puto
442 611 562 649 etiam
604 610 826 659 Bentleius3
868 611 1052 659 maxime,
1096 611 1280 659 expositis
1323 610 1544 648 rationibus

215 669 472 716 Schraderus,
511 669 578 718 qui
610 681 656 705 ex
686 668 706 706 Ι
743 670 845 716 391,
883 670 986 716 439,
1022 680 1180 706 versum
1212 670 1294 707 346
1329 680 1376 705 ex
1408 668 1427 705 Ι
1458 669 1542 705 450

215 727 436 765 confectum
471 726 731 775 intelligebat.
804 726 872 764 alii
903 726 1007 763 tueri
1043 726 1187 772 conati,
1226 738 1392 774 quorum
1422 726 1543 774 Berg-

216 785 326 822 kium
353 784 492 834 Opusc.
512 799 549 834 p.
572 786 654 822 664
685 784 806 821 miror
830 784 1024 833 insignem
1049 784 1286 833 pentametri
1312 783 1543 830 barbariem,

213 855 312 891 quae
355 844 469 891 plane
512 842 633 880 Ibidis
679 843 1040 891 supplementorum
1083 841 1128 879 de
1166 854 1307 891 genere
1346 843 1423 889 est,
1466 853 1544 879 non

213 901 547 940 animadvertisse.
620 912 690 938 nec
738 912 876 937 verum
925 902 1001 948 est,
1058 900 1161 949 quod
1209 899 1308 937 alius
1357 899 1418 937 vir
1467 899 1541 936 dss.

213 961 362 1007 monet,
402 959 491 997 tolli
533 960 662 996 totum
705 957 898 996 distichon
939 970 1018 996 non
1054 969 1186 1006 posse,
1230 960 1299 995 aut
1337 957 1453 1005 Quem
1495 956 1544 993 ad

214 1017 402 1065 Priapum
439 1017 609 1054 relatum
640 1016 706 1064 iri,
745 1028 981 1065 quamquam
1012 1018 1164 1053 veteres
1195 1027 1358 1064 magnos
1391 1015 1544 1053 criticos

215 1075 262 1112 de
294 1075 434 1113 lacuna
464 1075 630 1124 paginae
662 1074 856 1123 cogitasse
886 1087 965 1111 non
995 1076 1159 1112 constat.

330 1133 425 1182 Pag.
442 1140 601 1171 CCV1111
622 1132 816 1170 distichon
829 1131 885 1168 VI
899 1133 982 1170 433
1006 1133 1102 1179 434,
1123 1131 1225 1181 quod
1244 1131 1405 1168 mirifice
1424 1130 1543 1168 inter-

215 1193 434 1239 pretantur,
466 1193 571 1228 certe
602 1192 672 1227 aut
696 1190 839 1228 vitiosa
864 1193 932 1226 aut
957 1190 1123 1227 molesta
1149 1191 1348 1227 structura
1372 1189 1544 1226 laborat:

214 1249 375 1298 vitiosa,
414 1249 447 1286 si
477 1250 571 1297 sive,
608 1250 686 1286 sive
717 1248 798 1285 sine
836 1248 956 1285 verbo
987 1259 1058 1295 pro
1090 1250 1173 1290 aut,
1215 1250 1282 1285 aut
1312 1249 1545 1295 usurpatum

215 1309 285 1353 est,
317 1306 421 1355 quod
451 1309 565 1354 puto,
602 1307 675 1343 hoc
707 1317 834 1352 senSU,
872 1301 955 1343 ‘aut
984 1306 1063 1354 ille,
1102 1308 1168 1343 aut
1203 1306 1266 1343 ille
1302 1307 1417 1352 erepti
1447 1306 1547 1352 siym·

215 1365 367 1403 laudem
392 1361 502 1402 tulit'.
574 1364 632 1401 ita
652 1364 837 1402 celebrare
855 1363 1038 1402 kalendas
1056 1375 1195 1401 memus
1213 1363 1348 1401 habent
1366 1362 1428 1399 III
1450 1363 1545 1411 229,

216 1425 373 1461 emeruit
401 1423 541 1461 habere
570 1423 685 1468 fidem
716 1421 798 1458 IIII
831 1423 903 1470 58,
936 1432 1050 1469 posse
1080 1422 1194 1459 datar
1223 1422 1378 1459 reddere
1408 1432 1546 1458 causas

216 1480 251 1517 V
283 1482 327 1530 5,
363 1481 525 1528 relegari
555 1491 683 1527 poena
718 1481 854 1526 futura
884 1480 959 1526 fuit
988 1479 1102 1516 Pont.
1133 1479 1152 1516 I
1184 1487 1249 1516 V11
1282 1480 1356 1521 42,
1395 1480 1546 1517 animus

215 1541 316 1577 vires
347 1550 484 1586 eorpus
519 1539 655 1576 habere
691 1538 786 1584 facit
814 1537 874 1574 ΠΙ
905 1545 969 1574 V11
1004 1538 1067 1574 76.
1141 1538 1175 1575 si
1211 1538 1340 1575 demas
1370 1538 1460 1574 velle
1489 1539 1546 1574 iu-

215 1609 307 1636 vare
344 1605 445 1635 V1111
479 1597 543 1634 24.
615 1597 785 1633 muneris
821 1597 944 1633 instar
982 1594 1218 1633 Germanam
1256 1596 1395 1633 vidisse
1437 1596 1546 1633 dabis

216 1656 308 1694 Met.
340 1654 398 1692 VI
437 1656 534 1692 443.
603 1656 767 1692 noverat
803 1653 843 1690 id
881 1652 1031 1690 dicendi
1061 1665 1185 1702 genus
1223 1653 1343 1691 etiam
1375 1665 1471 1692 saec.
1498 1661 1546 1690 VI

216 1716 334 1763 poeta
370 1712 474 1762 apud
505 1712 588 1751 Pol.
620 1711 838 1760 Leyserum
873 1725 910 1760 p.
943 1712 1009 1749 82.
1082 1711 1285 1749 molestior
1321 1723 1437 1760 quam
1475 1723 1544 1759 pro

218 1771 356 1810 Ovidio
381 1771 538 1819 locutio,
562 1782 634 1809 nec
659 1770 853 1808 sententia
878 1770 974 1807 satis
1000 1771 1107 1808 recta
1130 1769 1233 1807 foret
1258 1769 1364 1816 haec,
1391 1769 1545 1806 sublato

216 1832 307 1879 post
337 1831 467 1877 ferant
494 1828 673 1878 graviore
705 1828 940 1877 interductU,
972 1823 1063 1866 ‘sive
1093 1828 1166 1875 ille,
1197 1828 1274 1866 sive
1303 1828 1367 1866 ille
1397 1828 1546 1865 titulum

217 1890 342 1937 habet,
372 1899 433 1926 res
465 1891 518 1926 est
546 1898 724 1936 romana,
756 1888 902 1925 etiamsi
933 1889 1064 1924 auctor
1094 1887 1231 1924 dubius
1260 1881 1420 1924 manet':
1454 1897 1546 1923 nam

218 1946 285 1995 qui
321 1946 500 1995 titulum,
543 1945 700 1983 laudem
742 1945 837 1993 fert,
881 1956 960 1982 non
997 1946 1058 1982 est
1094 1943 1244 1981 dubius.
1318 1956 1389 1981 nec
1428 1955 1548 1991 yemts

217 2004 382 2043 Adrasti
412 2004 459 2041 de
490 2005 631 2052 nepote
663 2015 710 2040 ex
740 2003 821 2040 filia
851 2002 1036 2051 Deipyla,
1077 2000 1179 2050 quod
1211 2001 1314 2050 apud
1345 2001 1547 2051 Hyginum

218 2064 398 2111 iteratur,
423 2070 597 2110 LXVIIH,
622 2069 759 2109 XCVII,
787 2068 949 2109 CLXXV,
982 2065 1021 2098 et
1041 2060 1231 2097 librorum
1252 2062 1311 2098 est
1328 2060 1546 2106 meliorum,

219 2122 267 2159 ab
305 2120 588 2169 interpolatore
627 2119 797 2157 alienum
834 2121 909 2156 est:
948 2118 980 2156 si
1012 2117 1142 2156 Ovidii
1173 2118 1241 2167 sit,
1279 2120 1383 2157 certe
1414 2120 1547 2167 penta-

219 2181 389 2217 metrum
421 2178 665 2227 suppositum
694 2178 735 2215 in
765 2178 906 2215 lacuna
936 2175 1176 2214 crediderim.

336 2236 432 2275 Loci
463 2238 504 2274 hi
541 2238 627 2275 octo
668 2235 700 2274 si
729 2235 771 2274 in
799 2235 888 2273 imis
919 2235 1129 2272 Fastorum
1161 2234 1364 2284 archetypi
1393 2233 1546 2284 paginis

220 2296 341 2334 fuisse
390 2297 597 2345 putentur,
645 2296 777 2344 partes
826 2292 1034 2333 voluminis
1084 2292 1354 2332 discriminant
1396 2304 1547 2340 novem,
