1575 2489
169 95 255 136 220
707 95 959 128 FASTORUM

287 203 468 242 Nondum
499 201 691 240 Iustitiam
722 202 871 240 facinus
904 201 1064 240 mortale
1098 202 1271 252 fugarat:

201 269 267 300 250
346 260 485 298 Ultima
517 259 564 297 de
597 260 749 310 superis
780 259 843 297 illa
875 259 1032 310 reliquit
1062 259 1246 298 humum:

289 318 444 367 Proque
476 322 583 356 metu
613 317 802 368 populum
835 317 918 355 sine
949 318 986 355 vi
1015 317 1142 368 pudor
1172 319 1256 368 ipse
1287 315 1468 368 regebat,

345 375 482 414 Nullus
515 380 597 413 erat
627 376 741 413 iustis
772 374 936 413 reddere
968 376 1053 413 iura
1083 374 1213 413 labor.

286 432 347 471 Nil
378 432 472 471 mihi
505 445 592 471 cum
625 431 749 471 bello:
792 444 927 483 pacem
957 439 1166 483 postesque
1199 431 1336 471 tuebar

345 490 394 528 Et
405 487 437 542 ‚³
471 490 616 529 clavem
647 489 856 528 ostendens
876 521 887 541 ,
921 487 1056 529 ‘haec'
1089 492 1142 528 ait
1174 487 1299 528 ‘arma
1330 487 1467 540 gem?

202 557 267 588 255
289 548 492 587 Presserat
523 560 590 587 ora
622 547 718 587 deus
739 578 747 586 .
803 553 897 586 tunc
929 549 984 586 sic
1016 560 1086 598 ego
1119 553 1251 587 nostra
1282 547 1447 600 resolvi,

346 605 449 644 Voce
480 618 564 644 mea
596 617 710 644 voces
742 605 920 645 eliciente
953 606 1037 644 dei:

289 662 407 702 ‘Cum
440 670 498 702 tot
530 665 607 702 siut
637 663 717 702 Iani
736 695 747 715 ‚
779 675 849 702 cur
881 668 959 702 stas
991 669 1165 702 sacratus
1196 665 1236 702 in
1267 675 1368 713 un0‚

347 721 418 760 Hic
450 721 517 760 ubi
548 723 681 760 iuncta
712 722 807 760 foris
838 721 979 772 templa
1012 721 1164 760 duobus
1195 718 1368 759 habes?'

288 780 355 818 Ille
387 791 504 818 manu
536 779 712 818 mulcens
743 791 954 830 propexam
986 778 1032 817 ad
1064 785 1222 829 pectora
1253 778 1434 829 barbam,

202 846 268 876 2:30
347 837 532 876 Protinus
565 837 711 875 Oebalii
743 837 894 876 rettulit
924 849 1029 876 arma
1061 836 1170 887 Tati,

289 895 415 946 thue
448 895 543 933 levis
575 901 707 934 custos
726 925 737 945 ‚
769 894 928 933 armillis
961 900 1099 946 capta,
1132 893 1294 933 Sabinos

347 953 404 991 Ad
436 965 608 992 summae
640 954 777 991 tacitos
810 952 965 991 duxerit
996 954 1096 990 arcis
1126 954 1224 990 iter.

292 1008 435 1062 tlude,
472 1011 578 1049 velut
608 1023 712 1049 nunc
745 1015 831 1062 est,
869 1022 939 1062 per
977 1022 1093 1061 quem
1131 1006 1410 1061 descenditis‚’

1010 1070 1137 1118 inquit

349 1123 519 1164 ‘Arduus
551 1127 590 1164 in
622 1125 738 1164 valles
770 1137 840 1176 per
872 1126 955 1164 fora
987 1125 1109 1164 clivus
1141 1131 1246 1165 erat.

205 1192 270 1223 265
293 1184 342 1222 Et
372 1185 448 1222 iam
480 1185 694 1234 contigerat
724 1189 875 1234 portam
894 1214 905 1233 ‚
938 1182 1118 1222 Saturnia
1149 1185 1260 1222 cuius

347 1241 576 1292 Dempserat
606 1243 803 1292 oppositas
833 1241 1018 1280 insidiosa
1049 1253 1177 1280 seras.

291 1299 387 1338 Cum
420 1305 526 1338 tanto
558 1301 705 1338 veritus
738 1301 981 1338 committere
1013 1301 1170 1338 numine
1201 1310 1393 1352 pugnam,

347 1358 434 1408 Ipse
466 1369 574 1396 meae
606 1359 707 1395 movi
739 1357 899 1396 callidus
931 1359 1025 1396 artis
1057 1369 1178 1408 opvs,

289 1415 473 1466 Oraque,
506 1427 579 1466 qua
612 1415 761 1466 pollens
793 1427 865 1467 ope
898 1427 1013 1467 sum,
1046 1416 1201 1454 fontana
1231 1415 1397 1467 reclusi,

203 1482 268 1512 270
350 1473 522 1524 Sumque
554 1475 778 1524 repentinas
811 1473 1021 1512 eiaculatus
1054 1485 1194 1524 aquas.

288 1532 386 1570 Ante
418 1537 546 1569 tamen
579 1531 742 1569 madidis
774 1531 923 1570 subieci
954 1531 1114 1581 sulpura
1146 1533 1275 1583 venis,

347 1589 552 1628 Clauderet
582 1595 626 1627 ut
657 1588 766 1627 Tatio
798 1589 969 1627 fervidus
1000 1601 1113 1628 umor
1144 1591 1240 1628 iter.

289 1646 408 1686 Cuius
439 1653 483 1686 ut
514 1646 659 1686 utilitas
690 1646 813 1697 pulsis
843 1652 1028 1698 percepta
1060 1646 1236 1698 Sabinis,

349 1705 453 1750 Quae
487 1705 642 1752 fuerat,
674 1710 757 1743 tuto
790 1705 940 1743 reddita
973 1705 1095 1743 forma
1126 1705 1210 1743 loco
1243 1711 1324 1743 est.

201 1771 267 1802 215
288 1763 361 1801 Ara
394 1763 487 1801 mihi
518 1764 643 1813 posita
675 1768 734 1801 est
765 1774 882 1813 parvo
915 1764 1121 1801 coniuncta
1153 1762 1313 1801 sacello:

349 1819 452 1859 Haec
484 1820 611 1859 adolet
641 1820 805 1858 flammis
838 1833 927 1859 cum
959 1826 1066 1859 strue
1099 1821 1201 1859 farra
1233 1817 1359 1859 suis.'

291 1876 354 1917 eAt
385 1890 456 1917 cur
487 1890 581 1929 pace
613 1878 708 1917 lates
728 1909 738 1929 ,
771 1880 963 1929 motisque
996 1878 1210 1917 recluderis
1241 1880 1356 1917 armis
1371 1876 1413 1917 :2⁹

347 1936 426 1975 Nec
457 1948 593 1987 mora,
626 1938 791 1987 quaesiti
822 1937 973 1975 reddita
1004 1948 1119 1975 causa
1150 1936 1243 1974 mihi
1276 1942 1356 1975 est.

292 1992 360 2033 eUt
392 1994 534 2046 populo
565 1994 716 2033 reditus
747 2000 903 2045 pateant
934 1994 980 2033 ad
1011 1993 1110 2032 bella
1141 1994 1338 2046 profecto,

201 2059 267 2091 280
347 2052 442 2091 Tota
473 2058 578 2103 patet
609 2052 764 2103 dempta
794 2054 908 2090 ianua
939 2057 1072 2090 nostra
1103 2064 1211 2091 sera.

289 2109 386 2149 Pace
420 2111 524 2149 fores
556 2110 655 2148 ohdo
675 2142 685 2160 ‚
717 2122 765 2148 ne
798 2122 872 2160 qua
904 2109 1104 2148 discedere
1137 2111 1282 2160 possit:

348 2168 614 2219 Caesareoque
647 2169 713 2206 diu
745 2170 899 2206 nomine
933 2167 1064 2206 clusus
1097 2165 1208 2206 ero.'

288 2225 420 2277 Dixit,
452 2232 491 2264 et
523 2225 700 2264 attollens
733 2225 865 2264 oculos
898 2225 1048 2263 diversa
1080 2231 1258 2274 tuenteS,

347 2284 507 2334 Aspexit
539 2289 618 2322 toto
652 2283 840 2333 quidquid
872 2284 913 2321 in
945 2282 1038 2320 orbe
1071 2283 1164 2321 fuit.
