1575 2489
175 82 231 124 90
727 85 951 117 TmSTrUM

799 214 879 263 VI.

291 306 351 344 Tu
383 318 569 358 quoque,
601 312 824 346 nostrarum
857 309 1051 359 quondam
1083 309 1223 348 fiducia
1255 323 1409 363 rerum,

293 364 368 409 Qui
400 365 494 402 mihi
526 365 780 417 confugium,
812 368 879 417 qui
910 367 1006 406 mihi
1036 374 1172 419 portus
1205 380 1315 421 eras,

292 421 351 460 Tu
384 435 539 473 quoque
572 425 744 474 suscepti
776 436 908 463 curam
941 425 1103 464 dimittis
1136 428 1272 478 amici,

293 479 498 531 Officiique
531 481 637 531 pium
670 487 747 519 tam
781 483 856 521 cito
888 485 1000 533 ponis
1034 481 1166 522 οηιιεῬ

252 546 271 576 5
294 537 452 576 Sarcina
485 550 572 577 sum
596 570 607 591 ‚
639 540 791 591 fateor,
824 553 939 591 quam
971 543 1003 579 si
1034 548 1077 580 tu
1108 547 1285 593 tempore
1317 542 1415 581 duro

291 596 549 647 Depositurus
582 609 667 635 eras
687 628 697 648 ‚
730 609 807 636 non
840 598 1043 638 subeunda
1075 600 1171 639 suit.

291 653 494 693 Fluctibus
525 657 565 694 in
597 655 736 694 mediis
768 668 931 708 navem,
963 656 1145 696 Palinure
1165 689 1175 708 ‚
1207 656 1432 708 relinquis?

293 712 348 751 Ne
382 713 471 763 fuge
492 744 502 764 ,
534 725 630 751 neve
663 719 728 752 tua
760 716 810 752 sit
841 716 969 753 minor
1001 721 1083 754 arte
1115 715 1234 755 fides!

292 769 488 821 Numquid
521 771 714 810 Achilleos
746 773 849 811 inter
881 773 962 811 fera
994 773 1138 824 proelia
1172 774 1237 812 fidi

228 836 270 867 10
303 828 484 868 Deseruit
515 829 650 868 levitas
682 831 978 869 Automedontis
1011 830 1167 883 equos?

291 886 415 932 Quem
447 888 567 925 semel
599 890 780 940 excepit,
813 901 1024 939 numquam
1056 889 1274 928 Podalirius
1306 903 1421 942 aegro

291 945 526 984 Promissam
559 946 730 985 medicae
763 959 841 985 non
872 947 961 986 tulit
993 949 1087 986 artis
1120 960 1258 998 opem.

291 1003 462 1054 Turpius
495 1005 660 1056 eicitur,
693 1017 808 1055 quam
839 1018 917 1043 non
950 1006 1165 1044 admittitur
1197 1006 1363 1059 hospes;

291 1061 397 1106 Quae
429 1064 582 1114 patuit,
615 1063 773 1101 dextrae
806 1064 916 1101 firma
948 1066 998 1102 sit
1030 1076 1094 1102 ara
1125 1076 1257 1103 meae.

228 1127 269 1158 15
290 1119 351 1157 Nil
384 1121 458 1158 nisi
491 1132 551 1158 me
585 1120 710 1158 solum
742 1122 867 1171 primo
900 1127 1049 1160 tutatus
1082 1134 1152 1174 es3
1185 1128 1222 1160 at
1254 1135 1357 1161 nunc

290 1177 348 1215 Me
381 1179 527 1228 pariter
560 1190 669 1217 serva
702 1179 967 1230 iudiciumque
1000 1185 1135 1232 tuum,

292 1236 331 1273 Si
364 1236 478 1274 modo
511 1248 588 1274 non
621 1236 748 1288 aliqua
780 1243 840 1276 est
871 1239 909 1275 in
936 1250 997 1276 me
1024 1250 1120 1276 nova
1153 1238 1288 1291 culpa,
1321 1244 1503 1290 tuamque

289 1293 491 1332 Mutarunt
523 1294 651 1333 subito
685 1297 846 1334 crimina
878 1302 1013 1335 nostra
1044 1297 1181 1335 fidem.

292 1352 461 1403 Spiritus
487 1353 573 1405 hic,
607 1353 785 1404 Scythica
813 1366 928 1404 quem
955 1367 1033 1393 non
1058 1355 1157 1393 bene
1184 1355 1363 1394 ducimus
1390 1368 1504 1407 aura,

225 1418 269 1449 20
291 1410 399 1455 Quod
434 1413 578 1462 cupi0‚
610 1412 795 1450 membris
828 1419 939 1451 exeat
970 1419 1058 1451 ante
1092 1415 1211 1464 meis,

290 1468 412 1513 Quam
445 1476 511 1507 tua
543 1469 683 1508 delicto
717 1472 961 1520 stringantur
992 1477 1151 1521 pectora
1183 1476 1342 1524 nostro,

289 1526 338 1565 Et
370 1527 500 1565 videar
532 1529 672 1566 merito
704 1528 816 1566 vilior
849 1541 933 1567 esse
966 1529 1058 1568 tibi.

289 1585 374 1623 Non
407 1585 501 1623 adeo
534 1588 606 1624 toti
639 1587 725 1624 satis
757 1599 973 1637 urguemur
1004 1589 1173 1640 iniquis,

290 1643 339 1682 Ut
371 1656 454 1681 mea
488 1645 538 1682 sit
569 1644 694 1694 longis
727 1657 837 1683 mens
869 1658 1025 1696 quoque
1059 1653 1161 1685 mota
1194 1646 1326 1686 malis.

226 1709 269 1740 25
292 1701 410 1752 Finge
443 1708 570 1740 tamen
605 1709 746 1741 motam
766 1734 776 1754 ‚
810 1705 990 1753 quotiens
1022 1705 1308 1755 Agamemnone
1341 1709 1474 1743 natum

290 1760 438 1798 Dixisse
472 1762 511 1798 in
544 1760 713 1811 Pyladen
746 1762 921 1812 improba
955 1762 1070 1801 verba
1102 1761 1246 1813 putas?

290 1818 370 1856 Nec
401 1818 539 1868 procul
571 1831 591 1856 a
623 1832 715 1857 vero
749 1826 838 1871 est,
872 1822 966 1871 quin
999 1826 1038 1859 et
1069 1821 1233 1872 pulsarit
1265 1823 1455 1861 amicum:

290 1876 429 1915 Mansit
460 1878 501 1914 in
533 1878 671 1915 officiis
704 1890 781 1916 non
813 1880 943 1917 minus
975 1879 1038 1917 ille
1071 1881 1175 1918 suis.

290 1934 371 1972 Hoc
404 1941 463 1973 est.
495 1947 583 1973 cum
614 1937 768 1974 miseris
801 1937 925 1975 solum
959 1949 1164 1976 commune
1196 1937 1342 1990 beatis,

229 2001 272 2031 30
294 1992 493 2031 Ambobus
525 1993 646 2032 tribui
678 1994 780 2044 quod
813 1994 911 2033 solet
943 1995 1197 2046 obsequium:

291 2050 450 2089 Ceditur
483 2056 521 2089 et
553 2053 678 2090 caecis
710 2058 748 2091 et
780 2065 878 2103 quos
910 2060 1109 2104 praetexta
1141 2054 1332 2093 verendos

290 2108 481 2159 Virgaque
515 2122 602 2148 cum
636 2110 764 2148 verbis
796 2113 1004 2162 imperiosa
1036 2112 1149 2150 facit.

291 2166 332 2204 Si
363 2167 457 2205 mihi
490 2180 566 2206 non
599 2170 756 2220 parcis,
789 2170 968 2208 fortunae
1001 2182 1161 2220 parcere
1195 2170 1339 2211 debes:

288 2224 373 2263 Non
405 2225 522 2264 habet
553 2227 593 2264 in
625 2226 736 2265 nobis
769 2227 884 2266 ullius
916 2229 972 2266 ira
1004 2228 1155 2268 locum.

224 2290 267 2322 35
288 2282 396 2334 Elige
430 2289 654 2323 nostrorum
687 2286 890 2324 minimum
922 2287 1202 2338 minimumque
1236 2286 1448 2326 malorum:
