1575 2489
299 268 628 322 PASTORUM
664 268 847 323 LIBER
883 267 1116 321 PRIMUS

75 374 154 417 AD
187 375 232 418 c,
264 373 567 417 CLAUDIUM
600 373 914 417 CAESAREM
946 372 1348 416 GERMANICUM

163 493 352 545 Tempora
386 506 474 532 cum
507 495 634 532 causis
666 493 818 533 Latium
852 494 999 545 digesta
1030 505 1101 544 per
1133 506 1276 532 annum

220 551 420 603 Lapsaque
453 551 526 590 sub
559 558 683 590 terras
716 558 877 602 ortaque
911 554 1018 603 signa
1051 564 1212 591 canam.

160 609 306 660 Excipe
338 616 475 661 pacato
495 641 505 661 ,
539 609 679 648 Caesar
712 609 969 661 Germanice,
1003 609 1107 648 voltu

219 667 302 706 Hoc
335 680 433 718 opus
467 674 505 706 et
536 667 693 706 timidae
726 668 848 719 dirige
881 670 988 706 navis
1020 669 1118 719 iter,

120 734 140 764 5
162 725 379 777 Officioque
398 757 409 777 ,
441 725 565 764 levem
597 738 675 764 non
708 731 908 765 aversatus
939 726 1151 778 honorem,

218 783 318 822 Huic
350 783 422 823 tibi
453 783 591 822 devoto
622 785 781 823 numine
815 784 952 822 dexter
983 784 1097 822 ades.

162 841 279 880 Sacra
310 854 569 893 recognosces
601 841 804 880 annalibus
836 847 945 880 eruta
977 842 1141 892 priscis,

218 899 268 938 Et
300 912 376 951 quo
409 901 460 938 sit
491 901 630 938 merito
663 912 840 951 quaeque
872 905 1003 938 notata
1035 899 1140 938 dies.

159 957 337 996 Invenies
368 957 446 996 illic
479 963 518 996 et
550 958 646 997 festa
678 958 889 996 domestica
921 957 1054 996 vobis:

98 1024 139 1054 10
220 1015 342 1067 Saepe
374 1015 446 1055 tibi
476 1021 587 1066 pater
620 1021 707 1067 est,
741 1028 855 1066 saepe
887 1015 1074 1066 legendus
1106 1028 1222 1055 avus‚

160 1073 344 1124 Quaeque
378 1074 510 1112 ferunt
541 1074 597 1112 illi
627 1076 752 1124 pictos
786 1076 977 1125 signantia
1010 1074 1152 1126 fastos,

219 1132 278 1170 Tu
311 1144 467 1183 quoque
500 1144 587 1170 cum
620 1132 746 1170 Druso
778 1134 949 1183 praemia
982 1132 1101 1170 fratre
1134 1133 1255 1171 feres.

160 1189 335 1228 Caesaris
368 1202 473 1228 arma
505 1196 644 1229 canant
676 1190 769 1229 alii:
814 1203 885 1228 nos
918 1189 1092 1228 Caesaris
1125 1202 1234 1243 aras,

218 1247 267 1286 Et
300 1261 568 1299 quoscumque
601 1250 722 1286 sacris
754 1248 902 1287 addidit
932 1247 995 1286 ille
1028 1249 1133 1288 dies.

97 1314 138 1345 15
159 1306 296 1345 Annue
330 1308 485 1345 conanti
515 1319 587 1357 per
617 1306 751 1345 laudes
782 1308 840 1345 ire
873 1312 1054 1358 tuorum,

217 1364 349 1415 Deque
383 1377 467 1403 meo
500 1364 658 1415 pavidos
691 1370 829 1403 excute
862 1365 978 1403 corde
1012 1371 1161 1403 metus.

158 1422 212 1461 Da
244 1423 339 1461 mihi
371 1428 408 1461 te
440 1423 634 1473 placidum
653 1454 663 1474 ,
696 1423 850 1462 dederis
882 1424 923 1461 in
955 1424 1125 1461 carmina
1157 1424 1274 1462 viris:

220 1481 423 1531 Ingenium
454 1481 560 1519 voltu
593 1486 745 1532 statque
779 1481 957 1532 caditque
990 1487 1081 1519 tuo.

157 1538 300 1589 Pagina
332 1539 520 1577 iudicium
553 1539 657 1577 docti
689 1539 865 1578 subitura
898 1545 1075 1578 movetur

94 1605 138 1635 20
217 1597 410 1648 Principis
430 1628 441 1649 ,
471 1603 516 1636 ut
547 1597 672 1635 Clario
706 1599 824 1636 missa
855 1597 1016 1648 legenda
1048 1597 1143 1636 deo.

160 1655 267 1701 Quae
300 1657 349 1694 sit
382 1657 484 1694 enim
517 1655 612 1694 culti
646 1656 824 1694 facundia
856 1657 1050 1694 sensimus
1083 1657 1185 1708 oris,

217 1713 344 1752 Civica
376 1726 446 1764 pro
479 1713 642 1764 trepidis
675 1726 764 1753 cum
796 1714 885 1752 tulit
917 1726 1022 1752 arma
1054 1716 1155 1752 reiS.

160 1771 312 1809 Scimus
345 1778 412 1823 et,
443 1771 489 1809 ad
523 1778 675 1810 nostras
706 1785 794 1810 cum
827 1784 867 1810 se
900 1772 990 1811 tulit
1020 1773 1189 1823 impetus
1221 1778 1350 1825 artes,

215 1829 365 1880 Ingenii
397 1836 557 1868 currant
587 1830 745 1868 flumina
779 1835 921 1881 quanta
953 1832 1031 1870 tui.

94 1896 137 1926 25
160 1886 200 1926 Si
231 1887 322 1926 licet
354 1893 393 1926 et
424 1888 480 1926 fas
512 1893 601 1939 est,
634 1894 739 1927 vates
772 1901 862 1939 rege
895 1890 991 1927 vatis
1023 1887 1217 1941 habenas,

215 1946 398 1996 Auspicio
431 1945 522 1984 felix
555 1951 658 1984 totus
690 1952 734 1985 ut
765 1959 889 1985 annus
921 1952 1005 1985 eat.

157 2003 348 2054 Tempora
381 2004 576 2055 digereret
608 2016 697 2043 cum
730 2005 908 2043 conditor
939 2004 1055 2043 Urbis
1074 2035 1085 2056 ,
1117 2006 1156 2043 in
1189 2017 1289 2043 anno

216 2061 426 2101 Constituit
458 2075 611 2101 menses
645 2064 816 2114 quinque
850 2062 909 2101 bis
942 2075 1028 2101 esse
1061 2075 1154 2101 suo.

159 2119 317 2159 Scilicet
348 2132 453 2158 arma
485 2122 606 2170 magis
639 2133 755 2172 quam
787 2121 943 2173 sidera,
976 2120 1138 2159 Romule
1157 2153 1168 2173 ,
1202 2133 1343 2174 noras,

93 2186 137 2217 30
215 2178 394 2229 Curaque
426 2179 611 2217 finitimos
642 2181 797 2218 vincere
830 2180 952 2218 maior
985 2185 1091 2218 erat.

156 2236 226 2274 Est
257 2242 386 2275 tamen
418 2241 457 2275 et
488 2239 613 2287 ratio,
649 2237 788 2276 Caesar
807 2269 817 2289 ,
850 2250 948 2288 quae
980 2238 1145 2277 moverit
1175 2237 1307 2277 illum:

215 2293 479 2345 Erroremque
513 2308 626 2334 suum
660 2308 736 2347 quo
770 2301 955 2348 tueatur,
987 2295 1126 2335 habet.
