<?xml version="1.0" encoding="UTF-8"?>
<!DOCTYPE html PUBLIC "-//W3C//DTD XHTML 1.0 Transitional//EN"
    "http://www.w3.org/TR/xhtml1/DTD/xhtml1-transitional.dtd">
<html xmlns="http://www.w3.org/1999/xhtml" xml:lang="en" lang="en">
 <head>
  <title>
</title>
<meta http-equiv="Content-Type" content="text/html;charset=utf-8" />
  <meta name='ocr-system' content='tesseract 3.04.00' />
  <meta name='ocr-capabilities' content='ocr_page ocr_carea ocr_par ocr_line ocrx_word'/>
</head>
<body>
  <div class='ocr_page' id='page_1' title='image "./operaovid01oviduoft_0337.png"; bbox 0 0 1575 2489; ppageno 0'>
   <div class='ocr_carea' id='block_1_1' title="bbox 559 53 1365 94">
    <p class='ocr_par' dir='ltr' id='par_1_1' title="bbox 559 53 1365 94">
     <span class='ocr_line' id='line_1_1' title="bbox 559 53 1365 94; baseline 0.007 -6"><span class='ocrx_word' id='word_1_1' title='bbox 559 57 619 90; x_wconf 85' lang='lat' dir='ltr'>IV.</span> <span class='ocrx_word' id='word_1_2' title='bbox 648 58 841 89; x_wconf 79' lang='lat'>141-209.</span> <span class='ocrx_word' id='word_1_3' title='bbox 1281 53 1365 94; x_wconf 79' lang='lat'>289</span> 
     </span>
    </p>
   </div>
   <div class='ocr_carea' id='block_1_2' title="bbox 149 163 1235 332">
    <p class='ocr_par' dir='ltr' id='par_1_2' title="bbox 149 163 1235 332">
     <span class='ocr_line' id='line_1_2' title="bbox 205 163 1046 215; baseline -0.002 -12"><span class='ocrx_word' id='word_1_4' title='bbox 205 163 409 215; x_wconf 76' lang='lat' dir='ltr'>Paenitet,</span> <span class='ocrx_word' id='word_1_5' title='bbox 441 169 481 202; x_wconf 86' lang='lat' dir='ltr'>et</span> <span class='ocrx_word' id='word_1_6' title='bbox 513 164 604 203; x_wconf 87' lang='lat' dir='ltr'>facti</span> <span class='ocrx_word' id='word_1_7' title='bbox 637 163 717 202; x_wconf 90' lang='lat' dir='ltr'>sola</span> <span class='ocrx_word' id='word_1_8' title='bbox 747 163 897 215; x_wconf 89' lang='lat' dir='ltr'>pudore</span> <span class='ocrx_word' id='word_1_9' title='bbox 930 163 1046 202; x_wconf 89' lang='lat' dir='ltr'>latet:</span> 
     </span>
     <span class='ocr_line' id='line_1_3' title="bbox 149 221 1106 274; baseline -0.001 -13"><span class='ocrx_word' id='word_1_10' title='bbox 149 223 237 261; x_wconf 83' lang='lat' dir='ltr'>Sive</span> <span class='ocrx_word' id='word_1_11' title='bbox 270 222 373 274; x_wconf 91' lang='lat' dir='ltr'>quod</span> <span class='ocrx_word' id='word_1_12' title='bbox 406 221 561 261; x_wconf 83' lang='lat' dir='ltr'>Electra</span> <span class='ocrx_word' id='word_1_13' title='bbox 594 222 731 260; x_wconf 81' lang='lat' dir='ltr'>Troiae</span> <span class='ocrx_word' id='word_1_14' title='bbox 764 226 941 273; x_wconf 82' lang='lat' dir='ltr'>spectare</span> <span class='ocrx_word' id='word_1_15' title='bbox 974 223 1106 260; x_wconf 90' lang='lat' dir='ltr'>ruinas</span> 
     </span>
     <span class='ocr_line' id='line_1_4' title="bbox 205 280 1235 332; baseline -0.002 -12"><span class='ocrx_word' id='word_1_16' title='bbox 205 280 291 320; x_wconf 85' lang='lat' dir='ltr'>Non</span> <span class='ocrx_word' id='word_1_17' title='bbox 322 280 440 332; x_wconf 86' lang='lat' dir='ltr'>tulit,</span> <span class='ocrx_word' id='word_1_18' title='bbox 473 286 562 319; x_wconf 90' lang='lat' dir='ltr'>ante</span> <span class='ocrx_word' id='word_1_19' title='bbox 595 280 729 319; x_wconf 85' lang='lat' dir='ltr'>oculos</span> <span class='ocrx_word' id='word_1_20' title='bbox 762 281 1022 331; x_wconf 82' lang='lat' dir='ltr'>opposuitque</span> <span class='ocrx_word' id='word_1_21' title='bbox 1055 291 1235 318; x_wconf 87' lang='lat' dir='ltr'>manum.</span> 
     </span>
    </p>
   </div>
   <div class='ocr_carea' id='block_1_3' title="bbox 289 369 1112 413">
    <p class='ocr_par' dir='ltr' id='par_1_3' title="bbox 289 369 1112 413">
     <span class='ocr_line' id='line_1_5' title="bbox 289 369 1112 413; baseline -0.002 -1"><span class='ocrx_word' id='word_1_22' title='bbox 289 371 328 413; x_wconf 84' lang='lat'>3.</span> <span class='ocrx_word' id='word_1_23' title='bbox 359 369 438 412; x_wconf 82' lang='lat' dir='ltr'>EO</span> <span class='ocrx_word' id='word_1_24' title='bbox 500 372 539 413; x_wconf 86' lang='lat'>4.</span> <span class='ocrx_word' id='word_1_25' title='bbox 570 370 1112 412; x_wconf 75' lang='lat' dir='ltr'>FCLVD1·MATR·MAG</span> 
     </span>
    </p>
   </div>
   <div class='ocr_carea' id='block_1_4' title="bbox 65 455 1378 2368">
    <p class='ocr_par' dir='ltr' id='par_1_4' title="bbox 65 455 1378 2368">
     <span class='ocr_line' id='line_1_6' title="bbox 149 455 1156 506; baseline -0.002 -12"><span class='ocrx_word' id='word_1_26' title='bbox 149 455 226 494; x_wconf 90' lang='lat' dir='ltr'>Ter</span> <span class='ocrx_word' id='word_1_27' title='bbox 258 456 340 494; x_wconf 90' lang='lat' dir='ltr'>sine</span> <span class='ocrx_word' id='word_1_28' title='bbox 374 460 564 506; x_wconf 86' lang='lat' dir='ltr'>perpetuo</span> <span class='ocrx_word' id='word_1_29' title='bbox 599 455 750 494; x_wconf 90' lang='lat' dir='ltr'>caelum</span> <span class='ocrx_word' id='word_1_30' title='bbox 781 462 960 494; x_wconf 78' lang='lat' dir='ltr'>versetur</span> <span class='ocrx_word' id='word_1_31' title='bbox 992 456 1031 492; x_wconf 87' lang='lat' dir='ltr'>in</span> <span class='ocrx_word' id='word_1_32' title='bbox 1064 466 1156 505; x_wconf 81' lang='lat' dir='ltr'>axe,</span> 
     </span>
     <span class='ocr_line' id='line_1_7' title="bbox 67 513 1144 565; baseline -0.003 -11"><span class='ocrx_word' id='word_1_33' title='bbox 67 522 129 554; x_wconf 82' lang='lat'>180</span> <span class='ocrx_word' id='word_1_34' title='bbox 208 513 238 551; x_wconf 85' lang='lat' dir='ltr'>T</span> <span class='ocrx_word' id='word_1_35' title='bbox 243 525 286 552; x_wconf 80' lang='lat' dir='ltr'>ei·</span> <span class='ocrx_word' id='word_1_36' title='bbox 316 514 451 563; x_wconf 86' lang='lat' dir='ltr'>iungat</span> <span class='ocrx_word' id='word_1_37' title='bbox 482 513 595 552; x_wconf 81' lang='lat' dir='ltr'><strong>Titan</strong></span> <span class='ocrx_word' id='word_1_38' title='bbox 628 520 767 565; x_wconf 88' lang='lat' dir='ltr'>terque</span> <span class='ocrx_word' id='word_1_39' title='bbox 800 513 967 552; x_wconf 81' lang='lat' dir='ltr'>resolvat</span> <span class='ocrx_word' id='word_1_40' title='bbox 999 524 1144 564; x_wconf 88' lang='lat' dir='ltr'>equos,</span> 
     </span>
     <span class='ocr_line' id='line_1_8' title="bbox 148 571 1051 623; baseline -0.001 -13"><span class='ocrx_word' id='word_1_41' title='bbox 148 572 332 610; x_wconf 87' lang='lat' dir='ltr'>Protinus</span> <span class='ocrx_word' id='word_1_42' title='bbox 364 571 505 610; x_wconf 84' lang='lat' dir='ltr'>inflexo</span> <span class='ocrx_word' id='word_1_43' title='bbox 538 571 768 623; x_wconf 82' lang='lat' dir='ltr'>Berecyntia</span> <span class='ocrx_word' id='word_1_44' title='bbox 802 571 895 610; x_wconf 88' lang='lat' dir='ltr'>tibia</span> <span class='ocrx_word' id='word_1_45' title='bbox 928 583 1051 610; x_wconf 89' lang='lat' dir='ltr'>cornu</span> 
     </span>
     <span class='ocr_line' id='line_1_9' title="bbox 207 629 1108 682; baseline -0.001 -14"><span class='ocrx_word' id='word_1_46' title='bbox 207 629 361 682; x_wconf 88' lang='lat' dir='ltr'>Flabit,</span> <span class='ocrx_word' id='word_1_47' title='bbox 393 634 433 668; x_wconf 91' lang='lat' dir='ltr'>et</span> <span class='ocrx_word' id='word_1_48' title='bbox 463 629 598 669; x_wconf 83' lang='lat' dir='ltr'>Idaeae</span> <span class='ocrx_word' id='word_1_49' title='bbox 632 631 729 669; x_wconf 83' lang='lat' dir='ltr'>festa</span> <span class='ocrx_word' id='word_1_50' title='bbox 761 631 936 682; x_wconf 86' lang='lat' dir='ltr'>parentis</span> <span class='ocrx_word' id='word_1_51' title='bbox 969 634 1108 668; x_wconf 89' lang='lat' dir='ltr'>erunt.</span> 
     </span>
     <span class='ocr_line' id='line_1_10' title="bbox 150 687 1193 740; baseline -0.001 -13"><span class='ocrx_word' id='word_1_52' title='bbox 150 688 267 727; x_wconf 82' lang='lat' dir='ltr'>Ibunt</span> <span class='ocrx_word' id='word_1_53' title='bbox 298 689 524 727; x_wconf 85' lang='lat' dir='ltr'>semimares</span> <span class='ocrx_word' id='word_1_54' title='bbox 557 695 596 727; x_wconf 86' lang='lat' dir='ltr'>et</span> <span class='ocrx_word' id='word_1_55' title='bbox 627 690 755 727; x_wconf 90' lang='lat' dir='ltr'>inania</span> <span class='ocrx_word' id='word_1_56' title='bbox 787 694 968 740; x_wconf 74' lang='lat' dir='ltr'>tympana</span> <span class='ocrx_word' id='word_1_57' title='bbox 1000 687 1193 736; x_wconf 88' lang='lat' dir='ltr'>tundent,</span> 
     </span>
     <span class='ocr_line' id='line_1_11' title="bbox 209 745 1099 798; baseline -0.001 -13"><span class='ocrx_word' id='word_1_58' title='bbox 209 747 385 797; x_wconf 87' lang='lat' dir='ltr'>Aeraque</span> <span class='ocrx_word' id='word_1_59' title='bbox 419 749 584 786; x_wconf 87' lang='lat' dir='ltr'>tinnitus</span> <span class='ocrx_word' id='word_1_60' title='bbox 618 759 708 786; x_wconf 89' lang='lat' dir='ltr'>aere</span> <span class='ocrx_word' id='word_1_61' title='bbox 740 747 896 798; x_wconf 88' lang='lat' dir='ltr'>repulsa</span> <span class='ocrx_word' id='word_1_62' title='bbox 929 745 1099 785; x_wconf 88' lang='lat' dir='ltr'>dabunt.</span> 
     </span>
     <span class='ocr_line' id='line_1_12' title="bbox 65 805 1135 857; baseline -0.002 -14"><span class='ocrx_word' id='word_1_63' title='bbox 65 814 130 845; x_wconf 80' lang='lat'>185</span> <span class='ocrx_word' id='word_1_64' title='bbox 151 805 237 857; x_wconf 87' lang='lat' dir='ltr'>Ipsa</span> <span class='ocrx_word' id='word_1_65' title='bbox 270 805 410 844; x_wconf 88' lang='lat' dir='ltr'>sedens</span> <span class='ocrx_word' id='word_1_66' title='bbox 443 805 549 843; x_wconf 89' lang='lat' dir='ltr'>molli</span> <span class='ocrx_word' id='word_1_67' title='bbox 582 807 767 844; x_wconf 88' lang='lat' dir='ltr'>comitum</span> <span class='ocrx_word' id='word_1_68' title='bbox 800 806 950 843; x_wconf 88' lang='lat' dir='ltr'>cervice</span> <span class='ocrx_word' id='word_1_69' title='bbox 984 805 1135 842; x_wconf 80' lang='lat' dir='ltr'>feretur</span> 
     </span>
     <span class='ocr_line' id='line_1_13' title="bbox 209 863 970 914; baseline -0.003 -12"><span class='ocrx_word' id='word_1_70' title='bbox 209 863 324 902; x_wconf 89' lang='lat' dir='ltr'>Urbis</span> <span class='ocrx_word' id='word_1_71' title='bbox 356 876 426 914; x_wconf 93' lang='lat' dir='ltr'>per</span> <span class='ocrx_word' id='word_1_72' title='bbox 457 864 604 902; x_wconf 89' lang='lat' dir='ltr'>medias</span> <span class='ocrx_word' id='word_1_73' title='bbox 637 863 831 902; x_wconf 81' lang='lat' dir='ltr'>exululata</span> <span class='ocrx_word' id='word_1_74' title='bbox 865 864 943 901; x_wconf 86' lang='lat' dir='ltr'>vias</span> <span class='ocrx_word' id='word_1_75' title='bbox 962 893 970 900; x_wconf 95' lang='lat'><strong><em>.</em></strong></span> 
     </span>
     <span class='ocr_line' id='line_1_14' title="bbox 153 919 1353 974; baseline -0.002 -14"><span class='ocrx_word' id='word_1_76' title='bbox 153 922 299 960; x_wconf 86' lang='lat' dir='ltr'>Scaena</span> <span class='ocrx_word' id='word_1_77' title='bbox 331 927 472 974; x_wconf 87' lang='lat' dir='ltr'>sonat,</span> <span class='ocrx_word' id='word_1_78' title='bbox 503 921 662 972; x_wconf 89' lang='lat' dir='ltr'>ludique</span> <span class='ocrx_word' id='word_1_79' title='bbox 695 928 862 960; x_wconf 84' lang='lat' dir='ltr'>vocant.</span> <span class='ocrx_word' id='word_1_80' title='bbox 919 925 1091 972; x_wconf 87' lang='lat' dir='ltr'>spectate</span> <span class='ocrx_word' id='word_1_81' title='bbox 1111 951 1122 972; x_wconf 87' lang='lat'><em>‚</em></span> <span class='ocrx_word' id='word_1_82' title='bbox 1156 919 1353 971; x_wconf 81' lang='lat' dir='ltr'>Quirites,</span> 
     </span>
     <span class='ocr_line' id='line_1_15' title="bbox 210 979 1019 1030; baseline -0.001 -12"><span class='ocrx_word' id='word_1_83' title='bbox 210 980 260 1018; x_wconf 85' lang='lat' dir='ltr'>Et</span> <span class='ocrx_word' id='word_1_84' title='bbox 291 980 373 1018; x_wconf 86' lang='lat' dir='ltr'>fora</span> <span class='ocrx_word' id='word_1_85' title='bbox 405 979 525 1018; x_wconf 88' lang='lat' dir='ltr'>Marte</span> <span class='ocrx_word' id='word_1_86' title='bbox 559 992 630 1018; x_wconf 90' lang='lat' dir='ltr'>suo</span> <span class='ocrx_word' id='word_1_87' title='bbox 661 980 827 1030; x_wconf 85' lang='lat' dir='ltr'>litigiosa</span> <span class='ocrx_word' id='word_1_88' title='bbox 860 984 1019 1018; x_wconf 87' lang='lat' dir='ltr'>vacent.</span> 
     </span>
     <span class='ocr_line' id='line_1_16' title="bbox 153 1038 1278 1090; baseline -0.003 -13"><span class='ocrx_word' id='word_1_89' title='bbox 153 1038 351 1084; x_wconf 86' lang='lat' dir='ltr'>Quaerere</span> <span class='ocrx_word' id='word_1_90' title='bbox 384 1038 504 1077; x_wconf 86' lang='lat' dir='ltr'>multa</span> <span class='ocrx_word' id='word_1_91' title='bbox 535 1038 658 1090; x_wconf 87' lang='lat' dir='ltr'>libet,</span> <span class='ocrx_word' id='word_1_92' title='bbox 692 1038 760 1076; x_wconf 90' lang='lat' dir='ltr'>sed</span> <span class='ocrx_word' id='word_1_93' title='bbox 793 1050 853 1076; x_wconf 89' lang='lat' dir='ltr'>me</span> <span class='ocrx_word' id='word_1_94' title='bbox 888 1050 1007 1076; x_wconf 88' lang='lat' dir='ltr'>sonus</span> <span class='ocrx_word' id='word_1_95' title='bbox 1040 1038 1141 1076; x_wconf 92' lang='lat' dir='ltr'>aeris</span> <span class='ocrx_word' id='word_1_96' title='bbox 1175 1038 1278 1075; x_wconf 88' lang='lat' dir='ltr'>acuti</span> 
     </span>
     <span class='ocr_line' id='line_1_17' title="bbox 67 1096 1116 1136; baseline -0.002 0"><span class='ocrx_word' id='word_1_97' title='bbox 67 1106 132 1136; x_wconf 84' lang='lat'>190</span> <span class='ocrx_word' id='word_1_98' title='bbox 211 1097 352 1135; x_wconf 85' lang='lat' dir='ltr'>Terret</span> <span class='ocrx_word' id='word_1_99' title='bbox 383 1103 422 1135; x_wconf 89' lang='lat' dir='ltr'>et</span> <span class='ocrx_word' id='word_1_100' title='bbox 451 1097 648 1135; x_wconf 89' lang='lat' dir='ltr'>horrendo</span> <span class='ocrx_word' id='word_1_101' title='bbox 681 1097 780 1135; x_wconf 91' lang='lat' dir='ltr'>lotos</span> <span class='ocrx_word' id='word_1_102' title='bbox 813 1096 964 1135; x_wconf 88' lang='lat' dir='ltr'>adunca</span> <span class='ocrx_word' id='word_1_103' title='bbox 997 1108 1116 1134; x_wconf 81' lang='lat' dir='ltr'>sonO.</span> 
     </span>
     <span class='ocr_line' id='line_1_18' title="bbox 155 1152 1308 1207; baseline -0.002 -14"><span class='ocrx_word' id='word_1_104' title='bbox 155 1153 258 1206; x_wconf 72' lang='lat' dir='ltr'>‘Da,</span> <span class='ocrx_word' id='word_1_105' title='bbox 291 1155 360 1193; x_wconf 88' lang='lat' dir='ltr'>dea</span> <span class='ocrx_word' id='word_1_106' title='bbox 380 1186 391 1207; x_wconf 88' lang='lat'>,</span> <span class='ocrx_word' id='word_1_107' title='bbox 424 1167 539 1206; x_wconf 89' lang='lat' dir='ltr'>quem</span> <span class='ocrx_word' id='word_1_108' title='bbox 573 1152 737 1194; x_wconf 84' lang='lat' dir='ltr'>sciter.’</span> <span class='ocrx_word' id='word_1_109' title='bbox 795 1155 928 1194; x_wconf 85' lang='lat' dir='ltr'>doctas</span> <span class='ocrx_word' id='word_1_110' title='bbox 961 1153 1138 1206; x_wconf 75' lang='lat' dir='ltr'>Cybeleia</span> <span class='ocrx_word' id='word_1_111' title='bbox 1171 1158 1308 1204; x_wconf 89' lang='lat' dir='ltr'>neptes</span> 
     </span>
     <span class='ocr_line' id='line_1_19' title="bbox 213 1213 1144 1265; baseline 0 -15"><span class='ocrx_word' id='word_1_112' title='bbox 213 1213 345 1265; x_wconf 83' lang='lat' dir='ltr'>Vidit,</span> <span class='ocrx_word' id='word_1_113' title='bbox 378 1219 416 1252; x_wconf 89' lang='lat' dir='ltr'>et</span> <span class='ocrx_word' id='word_1_114' title='bbox 448 1213 515 1251; x_wconf 91' lang='lat' dir='ltr'>has</span> <span class='ocrx_word' id='word_1_115' title='bbox 548 1225 665 1252; x_wconf 85' lang='lat' dir='ltr'>curae</span> <span class='ocrx_word' id='word_1_116' title='bbox 698 1214 813 1252; x_wconf 89' lang='lat' dir='ltr'>iussit</span> <span class='ocrx_word' id='word_1_117' title='bbox 844 1214 979 1251; x_wconf 86' lang='lat' dir='ltr'>adesse</span> <span class='ocrx_word' id='word_1_118' title='bbox 1013 1225 1144 1252; x_wconf 85' lang='lat' dir='ltr'>meae.</span> 
     </span>
     <span class='ocr_line' id='line_1_20' title="bbox 154 1269 1291 1323; baseline -0.001 -13"><span class='ocrx_word' id='word_1_119' title='bbox 154 1269 336 1310; x_wconf 85' lang='lat' dir='ltr'>‘Pandite</span> <span class='ocrx_word' id='word_1_120' title='bbox 356 1303 366 1323; x_wconf 89' lang='lat'>,</span> <span class='ocrx_word' id='word_1_121' title='bbox 398 1272 569 1310; x_wconf 88' lang='lat' dir='ltr'>mandati</span> <span class='ocrx_word' id='word_1_122' title='bbox 601 1284 822 1323; x_wconf 86' lang='lat' dir='ltr'>memores,</span> <span class='ocrx_word' id='word_1_123' title='bbox 855 1271 1053 1310; x_wconf 88' lang='lat' dir='ltr'>Heliconis</span> <span class='ocrx_word' id='word_1_124' title='bbox 1085 1271 1291 1322; x_wconf 87' lang='lat' dir='ltr'>alumnae,</span> 
     </span>
     <span class='ocr_line' id='line_1_21' title="bbox 213 1326 1123 1381; baseline 0 -13"><span class='ocrx_word' id='word_1_125' title='bbox 213 1330 386 1369; x_wconf 89' lang='lat' dir='ltr'>Gaudeat</span> <span class='ocrx_word' id='word_1_126' title='bbox 417 1330 573 1369; x_wconf 88' lang='lat' dir='ltr'>assiduo</span> <span class='ocrx_word' id='word_1_127' title='bbox 607 1343 678 1369; x_wconf 90' lang='lat' dir='ltr'>cur</span> <span class='ocrx_word' id='word_1_128' title='bbox 710 1331 780 1369; x_wconf 88' lang='lat' dir='ltr'>dea</span> <span class='ocrx_word' id='word_1_129' title='bbox 812 1330 949 1381; x_wconf 87' lang='lat' dir='ltr'>Magna</span> <span class='ocrx_word' id='word_1_130' title='bbox 983 1326 1123 1368; x_wconf 83' lang='lat' dir='ltr'>sono.&#39;</span> 
     </span>
     <span class='ocr_line' id='line_1_22' title="bbox 70 1386 1250 1440; baseline -0.003 -12"><span class='ocrx_word' id='word_1_131' title='bbox 70 1397 133 1428; x_wconf 83' lang='lat'>195</span> <span class='ocrx_word' id='word_1_132' title='bbox 156 1389 219 1427; x_wconf 87' lang='lat' dir='ltr'>Sic</span> <span class='ocrx_word' id='word_1_133' title='bbox 253 1401 323 1439; x_wconf 86' lang='lat' dir='ltr'>ego</span> <span class='ocrx_word' id='word_1_134' title='bbox 344 1420 352 1428; x_wconf 94' lang='lat'><strong>.</strong></span> <span class='ocrx_word' id='word_1_135' title='bbox 410 1390 465 1427; x_wconf 86' lang='lat' dir='ltr'>sie</span> <span class='ocrx_word' id='word_1_136' title='bbox 497 1389 645 1428; x_wconf 84' lang='lat' dir='ltr'>Erato:</span> <span class='ocrx_word' id='word_1_137' title='bbox 677 1411 720 1416; x_wconf 80' lang='lat'>—</span> <span class='ocrx_word' id='word_1_138' title='bbox 754 1391 899 1427; x_wconf 88' lang='lat' dir='ltr'>mensis</span> <span class='ocrx_word' id='word_1_139' title='bbox 932 1388 1163 1440; x_wconf 72' lang='lat' dir='ltr'>Cythereius</span> <span class='ocrx_word' id='word_1_140' title='bbox 1195 1386 1250 1426; x_wconf 91' lang='lat' dir='ltr'>illi</span> 
     </span>
     <span class='ocr_line' id='line_1_23' title="bbox 215 1446 1241 1499; baseline -0.001 -14"><span class='ocrx_word' id='word_1_141' title='bbox 215 1447 370 1499; x_wconf 87' lang='lat' dir='ltr'>Cessit,</span> <span class='ocrx_word' id='word_1_142' title='bbox 403 1447 506 1498; x_wconf 91' lang='lat' dir='ltr'>quod</span> <span class='ocrx_word' id='word_1_143' title='bbox 540 1448 666 1486; x_wconf 88' lang='lat' dir='ltr'>teneri</span> <span class='ocrx_word' id='word_1_144' title='bbox 697 1459 840 1486; x_wconf 91' lang='lat' dir='ltr'>nomen</span> <span class='ocrx_word' id='word_1_145' title='bbox 873 1449 1014 1486; x_wconf 83' lang='lat' dir='ltr'>amoris</span> <span class='ocrx_word' id='word_1_146' title='bbox 1046 1446 1164 1485; x_wconf 91' lang='lat' dir='ltr'>habet</span> <span class='ocrx_word' id='word_1_147' title='bbox 1195 1468 1241 1473; x_wconf 87' lang='lat'>—-</span> 
     </span>
     <span class='ocr_line' id='line_1_24' title="bbox 156 1502 1339 1557; baseline -0.002 -13"><span class='ocrx_word' id='word_1_148' title='bbox 156 1503 342 1544; x_wconf 74' lang='lat' dir='ltr'>‘Reddita</span> <span class='ocrx_word' id='word_1_149' title='bbox 376 1505 544 1544; x_wconf 88' lang='lat' dir='ltr'>Saturno</span> <span class='ocrx_word' id='word_1_150' title='bbox 578 1518 664 1545; x_wconf 90' lang='lat' dir='ltr'>sors</span> <span class='ocrx_word' id='word_1_151' title='bbox 696 1505 791 1544; x_wconf 87' lang='lat' dir='ltr'>haec</span> <span class='ocrx_word' id='word_1_152' title='bbox 824 1512 935 1557; x_wconf 89' lang='lat' dir='ltr'>erat,</span> <span class='ocrx_word' id='word_1_153' title='bbox 969 1502 1144 1557; x_wconf 74' lang='lat' dir='ltr'>“optime</span> <span class='ocrx_word' id='word_1_154' title='bbox 1178 1516 1339 1556; x_wconf 84' lang='lat' dir='ltr'>regum,</span> 
     </span>
     <span class='ocr_line' id='line_1_25' title="bbox 213 1560 970 1615; baseline 0 -13"><span class='ocrx_word' id='word_1_155' title='bbox 213 1565 243 1602; x_wconf 83' lang='lat' dir='ltr'><strong>A</strong></span> <span class='ocrx_word' id='word_1_156' title='bbox 276 1570 367 1603; x_wconf 87' lang='lat' dir='ltr'>nato</span> <span class='ocrx_word' id='word_1_157' title='bbox 399 1565 565 1615; x_wconf 82' lang='lat' dir='ltr'>sceptris</span> <span class='ocrx_word' id='word_1_158' title='bbox 598 1566 797 1603; x_wconf 81' lang='lat' dir='ltr'>excutiere</span> <span class='ocrx_word' id='word_1_159' title='bbox 830 1560 970 1603; x_wconf 83' lang='lat' dir='ltr'>tuis.&#39;&#39;</span> 
     </span>
     <span class='ocr_line' id='line_1_26' title="bbox 154 1620 1378 1674; baseline -0.002 -13"><span class='ocrx_word' id='word_1_160' title='bbox 154 1622 221 1661; x_wconf 92' lang='lat' dir='ltr'>Ille</span> <span class='ocrx_word' id='word_1_161' title='bbox 255 1635 363 1661; x_wconf 88' lang='lat' dir='ltr'>suam</span> <span class='ocrx_word' id='word_1_162' title='bbox 382 1653 393 1674; x_wconf 91' lang='lat'>,</span> <span class='ocrx_word' id='word_1_163' title='bbox 426 1629 605 1662; x_wconf 88' lang='lat' dir='ltr'>metuens</span> <span class='ocrx_word' id='word_1_164' title='bbox 624 1653 635 1674; x_wconf 93' lang='lat'>,</span> <span class='ocrx_word' id='word_1_165' title='bbox 667 1628 711 1662; x_wconf 90' lang='lat' dir='ltr'>ut</span> <span class='ocrx_word' id='word_1_166' title='bbox 736 1635 913 1674; x_wconf 89' lang='lat' dir='ltr'>quaeque</span> <span class='ocrx_word' id='word_1_167' title='bbox 948 1627 1032 1661; x_wconf 90' lang='lat' dir='ltr'>erat</span> <span class='ocrx_word' id='word_1_168' title='bbox 1063 1621 1194 1673; x_wconf 89' lang='lat' dir='ltr'>edita,</span> <span class='ocrx_word' id='word_1_169' title='bbox 1227 1620 1378 1672; x_wconf 88' lang='lat' dir='ltr'>prolem</span> 
     </span>
     <span class='ocr_line' id='line_1_27' title="bbox 68 1681 1156 1733; baseline -0.003 -12"><span class='ocrx_word' id='word_1_170' title='bbox 68 1690 135 1721; x_wconf 79' lang='lat'>200</span> <span class='ocrx_word' id='word_1_171' title='bbox 215 1681 410 1733; x_wconf 83' lang='lat' dir='ltr'>Devorat,</span> <span class='ocrx_word' id='word_1_172' title='bbox 441 1683 665 1720; x_wconf 86' lang='lat' dir='ltr'>immersam</span> <span class='ocrx_word' id='word_1_173' title='bbox 696 1681 992 1732; x_wconf 84' lang='lat' dir='ltr'>visceribusque</span> <span class='ocrx_word' id='word_1_174' title='bbox 1026 1685 1156 1719; x_wconf 87' lang='lat' dir='ltr'>tenet.</span> 
     </span>
     <span class='ocr_line' id='line_1_28' title="bbox 161 1739 1194 1791; baseline -0.001 -13"><span class='ocrx_word' id='word_1_175' title='bbox 161 1739 283 1791; x_wconf 90' lang='lat' dir='ltr'>Saepe</span> <span class='ocrx_word' id='word_1_176' title='bbox 317 1739 422 1778; x_wconf 89' lang='lat' dir='ltr'>Rhea</span> <span class='ocrx_word' id='word_1_177' title='bbox 456 1746 592 1790; x_wconf 90' lang='lat' dir='ltr'>questa</span> <span class='ocrx_word' id='word_1_178' title='bbox 625 1745 712 1791; x_wconf 88' lang='lat' dir='ltr'>est,</span> <span class='ocrx_word' id='word_1_179' title='bbox 746 1741 890 1779; x_wconf 87' lang='lat' dir='ltr'>totiens</span> <span class='ocrx_word' id='word_1_180' title='bbox 922 1739 1089 1778; x_wconf 87' lang='lat' dir='ltr'>fecunda</span> <span class='ocrx_word' id='word_1_181' title='bbox 1121 1750 1194 1777; x_wconf 84' lang='lat' dir='ltr'>nec</span> 
     </span>
     <span class='ocr_line' id='line_1_29' title="bbox 885 1809 1071 1848; baseline -0.005 -11"><span class='ocrx_word' id='word_1_182' title='bbox 885 1809 1071 1848; x_wconf 90' lang='lat' dir='ltr'>umquam</span> 
     </span>
     <span class='ocr_line' id='line_1_30' title="bbox 214 1856 992 1908; baseline -0.001 -13"><span class='ocrx_word' id='word_1_183' title='bbox 214 1857 337 1895; x_wconf 90' lang='lat' dir='ltr'>Mater</span> <span class='ocrx_word' id='word_1_184' title='bbox 356 1886 367 1908; x_wconf 95' lang='lat'>,</span> <span class='ocrx_word' id='word_1_185' title='bbox 400 1862 438 1895; x_wconf 92' lang='lat' dir='ltr'>et</span> <span class='ocrx_word' id='word_1_186' title='bbox 470 1856 636 1895; x_wconf 85' lang='lat' dir='ltr'>indoluit</span> <span class='ocrx_word' id='word_1_187' title='bbox 667 1856 866 1895; x_wconf 85' lang='lat' dir='ltr'>fertilitate</span> <span class='ocrx_word' id='word_1_188' title='bbox 899 1868 992 1895; x_wconf 90' lang='lat' dir='ltr'>sua.</span> 
     </span>
     <span class='ocr_line' id='line_1_31' title="bbox 156 1915 1308 1967; baseline -0.002 -13"><span class='ocrx_word' id='word_1_189' title='bbox 156 1915 332 1967; x_wconf 86' lang='lat' dir='ltr'>Iuppiter</span> <span class='ocrx_word' id='word_1_190' title='bbox 365 1920 474 1954; x_wconf 90' lang='lat' dir='ltr'>ortus</span> <span class='ocrx_word' id='word_1_191' title='bbox 508 1920 619 1953; x_wconf 92' lang='lat' dir='ltr'>erat:</span> <span class='ocrx_word' id='word_1_192' title='bbox 652 1936 696 1941; x_wconf 91' lang='lat'>—</span> <span class='ocrx_word' id='word_1_193' title='bbox 727 1927 799 1966; x_wconf 90' lang='lat' dir='ltr'>pro</span> <span class='ocrx_word' id='word_1_194' title='bbox 832 1926 970 1965; x_wconf 84' lang='lat' dir='ltr'>magna</span> <span class='ocrx_word' id='word_1_195' title='bbox 1002 1919 1102 1953; x_wconf 91' lang='lat' dir='ltr'>teste</span> <span class='ocrx_word' id='word_1_196' title='bbox 1137 1918 1308 1952; x_wconf 87' lang='lat' dir='ltr'>vetustas</span> 
     </span>
     <span class='ocr_line' id='line_1_32' title="bbox 218 1973 1221 2026; baseline -0.002 -14"><span class='ocrx_word' id='word_1_197' title='bbox 218 1974 428 2026; x_wconf 82' lang='lat' dir='ltr'>Creditur3</span> <span class='ocrx_word' id='word_1_198' title='bbox 462 1979 661 2024; x_wconf 88' lang='lat' dir='ltr'>acceptam</span> <span class='ocrx_word' id='word_1_199' title='bbox 693 1985 809 2024; x_wconf 87' lang='lat' dir='ltr'>parce</span> <span class='ocrx_word' id='word_1_200' title='bbox 843 1985 999 2011; x_wconf 82' lang='lat' dir='ltr'>movere</span> <span class='ocrx_word' id='word_1_201' title='bbox 1031 1973 1147 2011; x_wconf 85' lang='lat' dir='ltr'>fidem</span> <span class='ocrx_word' id='word_1_202' title='bbox 1181 1993 1221 1999; x_wconf 82' lang='lat'>—</span> 
     </span>
     <span class='ocr_line' id='line_1_33' title="bbox 72 2030 1135 2082; baseline -0.003 -10"><span class='ocrx_word' id='word_1_203' title='bbox 72 2040 137 2072; x_wconf 85' lang='lat'>205</span> <span class='ocrx_word' id='word_1_204' title='bbox 158 2031 273 2071; x_wconf 88' lang='lat' dir='ltr'>Veste</span> <span class='ocrx_word' id='word_1_205' title='bbox 305 2032 429 2071; x_wconf 86' lang='lat' dir='ltr'>latens</span> <span class='ocrx_word' id='word_1_206' title='bbox 461 2044 596 2071; x_wconf 81' lang='lat' dir='ltr'>saxum</span> <span class='ocrx_word' id='word_1_207' title='bbox 630 2032 788 2070; x_wconf 90' lang='lat' dir='ltr'>caelesti</span> <span class='ocrx_word' id='word_1_208' title='bbox 819 2037 978 2082; x_wconf 83' lang='lat' dir='ltr'>gutture</span> <span class='ocrx_word' id='word_1_209' title='bbox 1012 2030 1135 2070; x_wconf 88' lang='lat' dir='ltr'>sedit.</span> 
     </span>
     <span class='ocr_line' id='line_1_34' title="bbox 218 2090 1011 2142; baseline -0.001 -13"><span class='ocrx_word' id='word_1_210' title='bbox 218 2090 282 2129; x_wconf 87' lang='lat' dir='ltr'>Sic</span> <span class='ocrx_word' id='word_1_211' title='bbox 315 2092 467 2141; x_wconf 86' lang='lat' dir='ltr'>genitor</span> <span class='ocrx_word' id='word_1_212' title='bbox 500 2091 588 2129; x_wconf 87' lang='lat' dir='ltr'>satis</span> <span class='ocrx_word' id='word_1_213' title='bbox 621 2090 874 2142; x_wconf 84' lang='lat' dir='ltr'>decipiendus</span> <span class='ocrx_word' id='word_1_214' title='bbox 907 2095 1011 2129; x_wconf 88' lang='lat' dir='ltr'>erat.</span> 
     </span>
     <span class='ocr_line' id='line_1_35' title="bbox 158 2147 1100 2200; baseline -0.002 -12"><span class='ocrx_word' id='word_1_215' title='bbox 158 2149 289 2188; x_wconf 83' lang='lat' dir='ltr'>Ardua</span> <span class='ocrx_word' id='word_1_216' title='bbox 320 2149 546 2188; x_wconf 89' lang='lat' dir='ltr'>iamdudum</span> <span class='ocrx_word' id='word_1_217' title='bbox 579 2155 738 2188; x_wconf 85' lang='lat' dir='ltr'>resonat</span> <span class='ocrx_word' id='word_1_218' title='bbox 770 2148 977 2188; x_wconf 85' lang='lat' dir='ltr'>tinnitibus</span> <span class='ocrx_word' id='word_1_219' title='bbox 1010 2147 1100 2200; x_wconf 91' lang='lat' dir='ltr'>Ide,</span> 
     </span>
     <span class='ocr_line' id='line_1_36' title="bbox 218 2207 998 2259; baseline -0.001 -13"><span class='ocrx_word' id='word_1_220' title='bbox 218 2207 344 2246; x_wconf 88' lang='lat' dir='ltr'>Tutus</span> <span class='ocrx_word' id='word_1_221' title='bbox 376 2214 420 2246; x_wconf 89' lang='lat' dir='ltr'>ut</span> <span class='ocrx_word' id='word_1_222' title='bbox 451 2208 589 2246; x_wconf 79' lang='lat' dir='ltr'>infanti</span> <span class='ocrx_word' id='word_1_223' title='bbox 621 2209 746 2259; x_wconf 80' lang='lat' dir='ltr'>vagiat</span> <span class='ocrx_word' id='word_1_224' title='bbox 778 2219 844 2246; x_wconf 84' lang='lat' dir='ltr'>ore</span> <span class='ocrx_word' id='word_1_225' title='bbox 877 2219 998 2258; x_wconf 90' lang='lat' dir='ltr'>puer.</span> 
     </span>
     <span class='ocr_line' id='line_1_37' title="bbox 158 2265 1303 2318; baseline -0.002 -13"><span class='ocrx_word' id='word_1_226' title='bbox 158 2265 253 2305; x_wconf 88' lang='lat' dir='ltr'>Pars</span> <span class='ocrx_word' id='word_1_227' title='bbox 285 2266 430 2318; x_wconf 88' lang='lat' dir='ltr'>clipeos</span> <span class='ocrx_word' id='word_1_228' title='bbox 463 2266 672 2318; x_wconf 89' lang='lat' dir='ltr'>manibus,</span> <span class='ocrx_word' id='word_1_229' title='bbox 704 2266 832 2318; x_wconf 85' lang='lat' dir='ltr'>galeas</span> <span class='ocrx_word' id='word_1_230' title='bbox 863 2278 954 2318; x_wconf 88' lang='lat' dir='ltr'>pars</span> <span class='ocrx_word' id='word_1_231' title='bbox 987 2265 1116 2305; x_wconf 85' lang='lat' dir='ltr'>tundit</span> <span class='ocrx_word' id='word_1_232' title='bbox 1146 2266 1303 2304; x_wconf 86' lang='lat' dir='ltr'>inanes:</span> 
     </span>
     <span class='ocr_line' id='line_1_38' title="bbox 112 2335 1170 2368; baseline 0.004 -4"><span class='ocrx_word' id='word_1_233' title='bbox 112 2338 219 2365; x_wconf 77' lang='lat' dir='ltr'><strong>OVID.</strong></span> <span class='ocrx_word' id='word_1_234' title='bbox 255 2339 313 2367; x_wconf 90' lang='lat'>111.</span> <span class='ocrx_word' id='word_1_235' title='bbox 1129 2335 1170 2368; x_wconf 86' lang='lat'>19</span> 
     </span>
    </p>
   </div>
  </div>
 </body>
</html>
