1601 2484
533 99 561 131 Ι.
587 107 681 132 vnn
703 101 821 132 14—x
843 101 894 131 18.
1330 95 1382 136 19

166 207 384 257 Augurium
417 208 516 245 ratio
549 212 609 245 est
641 211 680 245 et
712 208 936 245 coniectura
968 206 1117 244 futuri:

171 264 250 302 Hac
282 265 448 303 divinavi
480 266 735 315 notitiamque
768 264 864 303 tuli.

170 322 276 368 Quae
309 324 491 373 quoniam
523 334 611 361 vera
644 328 732 374 est,
764 329 843 361 tota
875 322 948 360 tibi
979 327 1109 360 mente
1141 321 1313 371 mihique

170 380 381 432 Gratulor,
411 382 611 430 ingenium
644 393 721 418 non
753 381 911 419 latuisse
944 386 1080 418 tuum.

106 446 148 478 55
170 440 217 477 At
248 444 427 477 nostrum
459 438 634 477 tenebris
665 439 1024 484 utinamllatuisset
1054 439 1094 476 in
1126 436 1236 476 imis!

168 496 348 548 Expediit
379 497 507 535 studio
539 497 671 535 lumen
703 497 837 536 abesse
871 509 968 535 me0.

170 555 296 605 thue
328 555 399 593 tibi
431 560 597 606 prosunt
628 560 761 606 artes,
794 554 958 593 facunde
978 584 989 606 ,
1022 565 1202 604 severae,

171 613 386 651 Dissimiles
417 613 493 652 illis
526 615 582 652 sic
615 625 785 652 nocuere
818 613 935 651 mihi.

169 671 254 709 Vita
286 677 414 710 tamen
447 671 517 710 tibi
548 678 638 710 nota
670 684 755 710 mea
787 677 867 710 est.
918 671 996 708 scis
1027 668 1177 708 artibus
1209 668 1284 707 illis

106 738 149 768 60
170 731 351 768 Auctoris
382 742 512 768 mores
545 730 778 768 abstinuisse
811 730 895 767 sui:
1165 724 1169 728 ’

171 788 257 826 Scis
288 793 400 826 vetus
425 788 499 826 hoc
531 789 662 826 iuveni
693 788 821 825 lusum
847 786 943 824 mihi
975 797 1161 837 carmen,
1194 791 1234 824 et
1265 787 1387 837 istos,

171 845 219 884 Ut
250 858 328 884 non
359 846 570 884 laudandos
589 876 600 897 ,
633 846 688 883 sic
720 851 849 883 tamen
883 857 970 883 esse
1003 846 1132 883 iocos.

170 903 272 954 Ergo
305 908 349 942 ut
380 904 536 942 defendi
568 903 673 942 nullo
706 916 790 941 mea
822 915 937 953 posse
970 902 1124 954 colore,

173 961 236 1000 Sic
269 965 447 1001 excusari
480 963 642 1000 crimina
674 974 788 1012 posse
820 966 927 1011 puto.

108 1028 150 1059 65
172 1020 255 1065 Qua
286 1025 428 1070 potes,
459 1031 601 1058 excusa
620 1050 631 1071 ‚
664 1032 736 1058 nec
769 1020 881 1057 amici
914 1019 1052 1057 desere
1085 1017 1263 1057 causam!

172 1077 256 1123 Qua
285 1077 385 1117 hene
417 1079 609 1130 coepisti,
640 1079 696 1116 sic
728 1077 828 1116 bene
860 1089 1016 1129 semper
1048 1089 1124 1115 eas.

692 1204 747 1252 X.

173 1309 243 1347 Est
273 1310 366 1348 mihi
399 1312 526 1360 sitque
545 1342 555 1362 ,
587 1322 756 1361 precor,
787 1309 904 1348 flavae
938 1309 1059 1348 tutela
1091 1309 1312 1363 Minervae,

174 1368 287 1406 Navis
320 1374 359 1406 et
389 1380 408 1406 a
441 1370 544 1418 picta
577 1368 725 1406 casside
760 1380 900 1406 nomen
932 1368 1071 1407 habet.

174 1425 261 1464 Sive
286 1437 384 1476 opus
417 1432 477 1464 est
502 1426 596 1464 velis
614 1457 625 1478 ‚
656 1427 855 1464 minimam
880 1426 980 1464 bene
1007 1427 1134 1465 currit
1158 1427 1204 1466 ad
1231 1439 1390 1480 auram;

175 1483 262 1521 Sive
295 1496 393 1535 opus
426 1489 485 1522 est
515 1496 623 1522 remo
642 1515 654 1535 ‚
685 1485 832 1534 remige
865 1486 989 1535 carpit
1020 1486 1118 1523 iter.

131 1549 151 1580 5
171 1541 250 1579 Nec
282 1543 443 1580 comites
474 1541 623 1580 volucri
655 1547 836 1580 contenta
874 1548 933 1580 est
965 1543 1121 1581 vincere
1154 1555 1299 1596 cursu,

173 1599 347 1651 Occupat
378 1612 555 1650 egressas
588 1600 799 1650 quamlibet
831 1605 919 1638 ante
952 1606 1076 1652 rates3

171 1655 201 1708 †
232 1657 281 1696 Et
312 1660 457 1709 patitur
487 1659 630 1697 fluctus
662 1659 815 1709 fertque
849 1658 1058 1697 assilientia
1091 1658 1204 1710 longe

171 1717 350 1767 Aequora
371 1748 381 1766 ‚
412 1728 484 1755 nec
517 1718 640 1755 saevis
673 1718 772 1755 victa
805 1718 948 1755 fatiscit
980 1719 1115 1767 aquis.

171 1773 236 1812 Illa
256 1806 267 1826 ‚
299 1774 556 1813 Corinthiacis
588 1776 758 1825 primum
790 1775 885 1813 mihi
918 1777 1071 1826 cognita
1104 1775 1338 1829 Cenchreis,

108 1840 150 1871 10
172 1832 264 1870 Fida
296 1837 426 1871 manet
456 1833 629 1884 trepidae
662 1833 818 1883 duxque
851 1846 1061 1884 comesque
1093 1835 1230 1887 sugae3

171 1890 324 1941 Perque
357 1896 416 1929 tot
447 1898 608 1930 eventus
641 1897 680 1930 et
711 1893 856 1942 iniquis
889 1894 1040 1931 concita
1072 1895 1197 1931 ventis

170 1950 349 1999 Aequora
380 1949 547 1988 Palladio
580 1951 739 1988 numine
772 1956 854 1989 tuta
887 1951 984 1989 fuit.

169 2007 281 2045 Nunc
314 2019 469 2058 quoque
502 2015 583 2047 tuta
603 2040 613 2060 ,
645 2020 813 2059 precor,
850 2011 946 2047 vasti
979 2014 1086 2047 secet
1118 2010 1215 2047 ostia
1247 2009 1385 2062 Ponti,

170 2065 352 2116 Quasque
384 2069 510 2118 petit,
543 2067 667 2105 Getici
698 2066 824 2105 litoris
856 2068 977 2105 intret
1008 2079 1149 2117 aquas.

107 2131 148 2162 15
170 2124 276 2168 Quae
309 2124 423 2162 simul
454 2125 606 2163 Aeoliae
640 2137 746 2163 mare
778 2137 840 2163 me
873 2125 1035 2163 deduxit
1066 2127 1105 2163 in
1137 2124 1290 2178 Helles,

169 2181 218 2220 Et
249 2182 406 2232 longum
438 2185 546 2221 tenui
577 2183 698 2221 limite
732 2183 823 2222 fecit
854 2185 954 2230 iter,

168 2240 365 2278 Fleximus
396 2242 436 2278 in
468 2241 619 2279 laevum
652 2253 791 2280 cursus
811 2273 821 2293 ,
853 2247 892 2279 et
923 2241 969 2279 ab
1002 2241 1182 2280 Hectoris
1215 2242 1312 2281 urbe

169 2297 352 2337 Venimus
384 2299 431 2337 ad
462 2306 630 2351 portus,
662 2299 803 2338 Imbria
836 2304 940 2338 terra
959 2330 970 2352 ,
1002 2306 1114 2339 tuos.

1124 2367 1172 2398 2*
