1601 2484
186 69 239 109 16
731 69 956 101 TRISTIUM

300 176 370 214 His
402 176 536 215 saltem
568 181 696 214 vestra
729 175 843 214 detur
874 177 914 213 in
946 175 1049 215 Urbe
1083 176 1214 215 locus!

301 234 465 284 Quoque
498 235 618 283 magis
650 234 808 284 faveas,
838 233 932 272 haec
964 246 1042 272 non
1075 241 1166 273 sunt
1192 234 1294 273 edita
1327 234 1373 273 ab
1406 236 1514 287 ipso,

301 291 376 330 Sed
410 293 519 342 quasi
551 291 597 329 de
630 291 776 329 domini
807 291 944 330 funere
975 297 1085 342 rapta
1116 294 1187 330 sui.

302 349 495 399 Quicquid
527 350 567 387 in
598 348 658 387 his
690 350 808 398 igitur
839 350 922 387 vitii
958 350 1055 388 rude
1088 362 1244 389 carmen
1275 349 1455 403 habebit,

236 415 279 446 40
300 406 589 446 Emendaturus
609 437 619 456 ‚
651 407 683 445 si
713 407 918 458 licuisset,
950 405 1082 446 eram.'

778 533 904 580 VIII.

300 639 344 678 ln
377 645 494 691 caput
524 638 598 677 alta
629 651 745 677 suum
777 637 956 677 labentur
988 639 1034 678 ab
1066 651 1235 690 aequore
1268 646 1374 679 retro

302 697 477 736 Flumina
497 729 508 749 ‚
542 698 742 735 conversis
775 696 918 747 Solque
950 704 1131 736 recurret
1162 700 1297 750 equis,

300 756 422 794 Terra
454 756 553 794 feret
585 755 743 807 stellas,
776 754 925 793 caelum
957 755 1126 794 findetur
1158 762 1309 807 aratro,

301 813 410 852 Unda
442 813 548 852 dabit
579 813 751 851 flammas
783 818 823 851 et
854 812 959 851 dabit
991 815 1090 863 ignis
1123 826 1265 865 aquas,

260 882 279 911 5
301 871 439 910 Omnia
469 877 631 910 naturae
662 876 913 922 praepostera
945 870 1096 922 legibus
1127 871 1262 923 ibunt,

302 929 476 980 Parsque
508 941 622 968 suum
654 929 789 968 mundi
821 929 925 967 nulla
957 929 1105 968 tenebit
1136 931 1234 980 iter,

300 988 437 1026 Omnia
469 989 544 1026 iam
577 988 699 1040 fient,
737 988 821 1025 fieri
853 999 951 1038 quae
982 999 1097 1038 posse
1130 987 1339 1040 negabam,

300 1045 350 1084 Et
381 1046 478 1084 nihil
512 1052 599 1096 est,
631 1045 678 1083 de
711 1058 787 1096 quo
819 1057 896 1083 non
930 1047 980 1084 sit
1010 1045 1184 1084 habenda
1217 1046 1339 1085 fides.

300 1103 403 1142 Haec
437 1116 507 1155 ego
541 1105 757 1153 vaticinor,
790 1105 878 1153 quia
912 1115 997 1142 sum
1030 1104 1217 1154 deceptus
1250 1103 1297 1142 ab
1329 1104 1417 1156 illo,

238 1172 279 1201 10
301 1162 488 1200 Laturum
521 1163 663 1200 misero
696 1173 812 1211 quem
844 1161 938 1199 mihi
969 1161 1084 1199 rebar
1115 1174 1251 1212 opem.

300 1220 472 1258 Tantane
506 1226 542 1258 te
562 1250 572 1270 ,
605 1218 746 1270 fallax,
779 1231 919 1269 cepere
951 1219 1090 1257 oblivia
1122 1221 1276 1272 nostri,

302 1278 577 1328 Asssictumque
610 1278 684 1316 suit
716 1282 846 1315 tantus
879 1277 984 1315 adire
1016 1278 1159 1329 timor,

300 1336 349 1375 Ut
381 1349 507 1387 neque
540 1336 757 1386 respiceres
790 1347 862 1374 nec
894 1335 1064 1374 solarere
1096 1337 1309 1388 iacentem,

301 1395 403 1433 Dure
422 1426 433 1446 ‚
466 1407 538 1433 nec
570 1395 754 1444 exequias
784 1405 1070 1444 prosequerere
1103 1391 1247 1432 meas?

239 1462 279 1492 15
302 1452 398 1491 lllud
432 1453 622 1491 amicitiae
656 1456 833 1490 sanctum
865 1457 905 1490 et
935 1450 1155 1489 venerabile
1188 1463 1329 1490 nomen

302 1511 355 1549 Re
389 1510 459 1549 tibi
491 1522 561 1560 pro
594 1509 658 1548 vili
690 1509 762 1548 sub
795 1508 1037 1560 pedibusque
1069 1507 1204 1548 iacet?

302 1569 402 1614 Quid
435 1569 509 1607 suit
527 1600 537 1619 ‚
569 1569 717 1618 ingenti
748 1572 987 1618 prostratum
1019 1567 1119 1606 mole
1152 1567 1322 1606 sodalem

299 1627 434 1665 Visere
466 1633 505 1665 et
536 1625 726 1676 adloquiis
759 1631 869 1676 parte
901 1625 1029 1664 levare
1061 1627 1163 1677 tuis,

301 1685 422 1736 Inque
455 1697 562 1723 meos
595 1686 627 1722 si
659 1696 736 1722 non
768 1684 965 1722 lacrimam
998 1683 1205 1723 demittere
1238 1696 1373 1735 casus,

237 1753 279 1784 20
302 1744 428 1782 Pauca
459 1750 588 1781 tamen
622 1743 711 1781 ficto
743 1741 859 1780 verba
891 1741 1024 1780 dolore
1056 1744 1159 1794 pati,

301 1802 450 1853 quue,
483 1801 586 1852 quod
618 1802 742 1851 ignoti
774 1801 951 1852 faciunt,
983 1799 1042 1838 vel
1074 1800 1204 1839 dicere
1237 1800 1399 1853 saltem,

300 1860 349 1898 Et
380 1871 513 1898 vocem
545 1858 679 1910 populi
710 1858 940 1910 publicaque
974 1870 1041 1897 ora
1073 1860 1208 1910 sequi,

301 1918 476 1969 Denique
508 1917 693 1967 lugubres
725 1916 855 1955 vultus
887 1929 1178 1968 numquamque
1214 1916 1399 1956 videndos

301 1976 471 2015 Cernere
503 1987 686 2026 supremo
719 1975 811 2013 dum
841 1975 1028 2026 licuitque
1061 1976 1148 2027 die,

236 2044 279 2075 25
300 2034 595 2085 Dicendumque
627 2033 748 2072 semel
779 2038 860 2071 toto
893 2046 969 2071 non
1003 2033 1166 2085 amplius
1199 2045 1291 2073 aevo

303 2094 492 2144 Accipere
512 2124 523 2145 ,
555 2098 594 2131 et
623 2091 736 2143 parili
768 2091 932 2130 reddere
965 2104 1058 2130 voce
1078 2123 1088 2143 ,
1121 2089 1236 2130 vale?

301 2153 349 2189 Αι
383 2152 511 2189 fecere
543 2150 606 2189 alii
637 2149 743 2189 nullo
776 2150 870 2188 mihi
902 2149 1057 2188 foedere
1090 2151 1238 2202 iuncti,

301 2209 351 2247 Et
381 2209 560 2248 lacrimas
593 2210 711 2247 animi
743 2209 851 2259 signa
884 2207 1026 2246 dedere
1060 2209 1131 2246 sui.

301 2267 402 2313 Quid
422 2299 433 2318 ‚
465 2269 539 2306 nisi
572 2268 754 2306 convictu
786 2267 992 2317 causisque
1024 2265 1241 2305 valentibus
1274 2278 1399 2306 essem
