1601 2484
1311 54 1412 88 XXV

85 176 220 201 versus
242 165 292 201 31
328 163 377 201 ad
411 164 466 201 20
496 163 737 200 commodius
768 163 945 212 iungitur
976 175 1094 212 quam
1124 163 1174 200 ad
1207 164 1272 201 30.
1345 164 1411 212 qui

83 221 343 270 intercedunt,
368 222 596 270 comparant
621 221 748 259 Ulixis
781 224 820 259 et
843 222 982 270 poetae
1007 233 1071 258 res
1097 220 1293 268 adversas,
1325 233 1412 259 cum

84 280 180 319 satis
229 280 350 317 fuerit
399 279 516 317 alteri
561 291 628 317 sex
684 291 805 316 annos
853 279 1147 318 insuavissimos
1197 279 1412 327 continuos,

85 338 200 375 alteri
243 340 429 386 quattuor
470 337 675 375 intercisos
720 337 921 387 obtigisse.
992 337 1178 387 Phyacen
1219 349 1412 375 commen-

85 396 219 433 ticium
257 396 494 444 putaverim,
533 395 752 433 Heniochos
792 398 832 433 et
862 395 1040 434 Achaeos
1078 408 1101 433 a
1138 395 1265 433 Plinio
1296 395 1412 434 H.·n.

86 454 141 491 VI
175 455 225 491 16
260 456 299 491 et
331 456 386 492 30
425 455 616 502 sumptos,
654 453 695 490 in
732 465 828 502 quos
860 454 965 491 locos
995 452 1133 491 incidit
1164 453 1230 502 qui
1261 453 1307 491 de
1344 453 1414 490 flu-

85 512 158 549 viis
197 512 317 549 Penio
357 514 397 549 et
427 512 638 549 Parthenio
677 511 886 560 quaesivit:
925 512 972 549 de
1009 511 1213 560 regionum
1252 512 1414 549 immani

85 570 306 607 discrimine
339 570 587 608 excusatione
620 583 682 608 vv.
710 572 762 608 29
798 572 853 608 30
889 569 1078 607 utendum
1114 569 1225 607 vidit.
1297 581 1413 618 agno-

86 640 169 666 scas
200 630 334 666 tamen
370 628 686 677 interpolationis
723 640 802 666 non
830 628 1008 665 noviciae
1039 627 1313 675 scholasticae,
1347 627 1415 665 sed

85 689 266 735 argutae,
306 687 523 724 rhetoricae
560 686 787 725 vetustioris
828 686 1015 733 colorem,
1058 686 1185 734 qualis
1228 685 1310 723 fere
1355 688 1416 723 est

85 745 125 782 in
151 744 397 782 Heroidibus.
471 744 622 782 accedit
646 744 749 793 quod
775 746 814 781 et
838 744 879 780 hi
903 752 969 781 XII
994 755 1131 782 versus
1158 745 1198 781 et
1222 743 1417 781 distichon

87 803 274 851 epistolae
294 811 395 840 VIIII
418 804 497 841 131
523 804 617 851 132,
643 802 746 851 quod
770 801 949 839 mirabile
968 801 1108 850 visum,
1133 801 1174 839 in
1192 801 1415 851 fragmento

87 860 396 908 Guelferbytano
430 862 580 909 extant,
613 862 682 897 aut
713 860 886 897 adfuisse
917 859 1116 908 videntur,
1148 859 1253 909 quod
1283 860 1415 898 arche-

85 921 182 968 typo
220 921 355 956 nostro
393 918 504 956 annis
544 926 599 956 CC
636 918 800 956 inferius
837 930 922 956 esse
959 930 1080 967 prope
1120 918 1255 968 liquet.
1328 930 1415 967 pos-

87 979 177 1014 sunt
208 977 304 1014 haec
336 977 611 1025 circumscribi,
644 988 879 1026 quamquam
910 975 1194 1024 propemodum
1224 976 1416 1024 paenitet:

86 1035 321 1084 paginarum
352 1035 510 1073 modum
543 1037 582 1073 et
613 1035 790 1072 ordinem
820 1035 1082 1083 praestituere
1107 1047 1185 1073 non
1210 1034 1417 1083 debebant,

88 1094 271 1142 quoniam
301 1106 373 1131 nec
399 1094 588 1142 epistolae
614 1102 676 1131 XV
703 1093 896 1131 distichon
923 1094 975 1131 33
1005 1095 1059 1131 34
1085 1105 1109 1130 a
1133 1093 1281 1131 recenti
1299 1093 1419 1130 inter—

87 1152 265 1200 polatore
302 1152 343 1188 in
378 1152 507 1189 media
543 1152 704 1201 pagina,
742 1164 792 1189 an
828 1151 1044 1189 versiculus
1082 1151 1131 1189 ad
1163 1151 1419 1200 supplendam

87 1211 266 1247 lacunam
298 1209 454 1247 additus
487 1210 553 1257 sit,
590 1210 671 1246 ullo
702 1210 817 1247 modo
850 1210 1095 1257 exploratum
1126 1212 1185 1247 est
1216 1211 1286 1247 aut
1317 1209 1420 1259 quic-

90 1280 205 1317 quam
235 1268 368 1306 refert.

209 1325 425 1363 Emendavi
465 1325 506 1362 in
543 1325 732 1363 Ponticis:
764 1320 786 1362 I
817 1334 851 1363 11
881 1322 938 1363 20
975 1325 1078 1374 quod
1121 1325 1162 1363 in
1204 1325 1316 1363 libris
1359 1328 1420 1364 est

87 1382 143 1421 At
177 1385 288 1421 semel
324 1385 488 1422 intentus
522 1403 571 1410 —
605 1384 813 1422 inresoluta
849 1386 986 1422 manet.
1062 1383 1175 1422 Tecta
1210 1386 1333 1431 rigent
1368 1405 1415 1410 —

88 1443 201 1479 veluti
237 1443 360 1480 velata
398 1443 556 1489 saqittis.
627 1441 957 1479 constructionem
993 1441 1171 1479 illicitam
1208 1454 1286 1479 non
1322 1444 1419 1491 puto

89 1512 160 1548 pro
193 1512 250 1549 eo,
283 1499 386 1549 quod
412 1511 496 1537 esse
522 1499 700 1547 debebat,
734 1495 866 1536 ‘simul
891 1501 1009 1548 atque
1034 1499 1255 1537 insonuerit
1279 1496 1420 1539 arcus'.

90 1559 232 1596 vallata
267 1558 346 1595 iam
384 1558 477 1595 olim
515 1557 730 1606 edideram,
768 1559 907 1606 estque
944 1557 1098 1595 abunde
1133 1558 1330 1595 munitum
1365 1559 1420 1596 lo-

88 1617 326 1664 cutionibus,
365 1628 462 1665 quas
493 1616 617 1654 lexica
647 1616 806 1663 habent,
842 1615 907 1654 Sol
943 1617 1066 1654 radiis
1096 1617 1263 1655 vallatus
1299 1619 1420 1655 acutis

88 1675 180 1713 Her.
205 1683 275 1713 1111
300 1676 392 1723 159,
417 1675 565 1713 vallant
588 1678 756 1722 tempora
782 1675 907 1712 dentes
933 1673 1020 1712 Sen.
1047 1673 1161 1713 Herc.
1189 1673 1272 1713 Oct.
1296 1677 1419 1714 1935.

205 1741 257 1770 111
290 1731 344 1771 86
374 1733 483 1770 nolui
513 1735 667 1771 mutare
700 1745 762 1781 ea,
799 1744 900 1781 quae
930 1732 1205 1782 neglegentius
1243 1745 1266 1770 a
1302 1735 1421 1781 poeta,

88 1791 256 1829 fortasse
289 1791 405 1830 scribi
436 1793 661 1840 potuerunt.
734 1791 938 1828 Bentleius
971 1791 1165 1829 distichon
1195 1791 1419 1831 damnabat.

88 1850 331 1898 temptabam
370 1849 443 1897 Qut
478 1851 572 1897 facit
606 1860 651 1888 ex
676 1851 785 1888 dictis
813 1851 971 1888 nomina
1000 1862 1159 1898 magma,
1195 1849 1291 1887 facit
1322 1851 1420 1887 tam-

90 1920 206 1956 quam
238 1920 303 1946 aes
335 1908 516 1956 alienum,
549 1908 615 1957 qui
645 1907 968 1957 philosophorum
999 1908 1214 1946 sententias
1247 1908 1419 1957 suscipit,

89 1966 136 2003 ad
183 1966 363 2004 effectum
407 1966 598 2005 adducere
637 1966 784 2016 nequit.
934 1975 964 2004 V
996 1963 1021 2004 6
1065 1979 1206 2014 sequor
1248 1966 1416 2004 codicem

89 2024 248 2074 Hamb.,
298 2025 349 2063 Ut
384 2028 545 2073 capea'nt
580 2026 669 2063 vitio
705 2027 747 2063 m‘
783 2027 1021 2063 moveantur:
1068 2025 1135 2062 alii
1173 2026 1329 2072 capiant
1363 2027 1418 2063 vi-

91 2085 185 2120 tium
226 2085 278 2122 ni.
349 2083 548 2122 conversio
599 2086 660 2121 est
709 2083 914 2132 orationis,
964 2083 1106 2120 omisso
1150 2084 1419 2127 tantummodo,

89 2141 171 2178 fere
203 2143 247 2179 ut
278 2141 360 2179 IIII
395 2151 421 2180 x
457 2143 509 2180 74
546 2145 645 2180 vetat
683 2142 900 2189 Tranquilli
936 2143 1104 2179 comitem
1134 2143 1312 2189 temporis
1343 2153 1420 2180 esse

88 2200 212 2245 fldem.
362 2209 391 2238 V
424 2197 500 2250 21,
532 2197 588 2238 22
627 2201 787 2239 Lissum
829 2213 874 2238 ex
917 2199 1117 2238 Herodoto
1155 2201 1201 2237 H
1231 2201 1310 2238 108
1354 2200 1418 2237 de-

89 2269 340 2306 sumpseram.
411 2259 565 2305 frondes
601 2257 766 2307 Alpibus
803 2259 937 2301 addat,
980 2257 1083 2307 quod
1120 2258 1265 2306 editur,
1307 2258 1421 2296 nihili
