1575 2489
191 100 275 141 222
729 101 981 134 FASTORUM

190 230 220 272 5
258 229 294 272 Ε
326 228 522 270 NON-F
583 229 621 270 6.
652 227 726 269 FF
789 229 824 270 7.
858 227 935 270 GC
992 230 1029 270 8.
1061 229 1143 271 HC
1204 230 1241 271 9.
1274 229 1313 270 A
1339 229 1511 272 AGON

308 324 498 369 Quattuor
531 323 626 362 adde
659 323 742 361 dies
774 323 901 362 ductis
933 335 979 362 ex
1005 324 1139 363 ordine
1171 324 1314 376 Nonis,

364 381 480 420 Ianus
511 380 670 431 Agonali
700 381 786 419 luce
819 381 983 431 piandus
1016 383 1110 420 erit.

307 439 481 477 Nominis
513 450 598 477 esse
630 444 759 489 potest
790 441 1012 478 succinctus
1045 451 1160 478 causa
1190 441 1391 493 minister,

220 506 287 536 320
366 496 499 535 Hostia
532 496 734 535 caelitibus
767 508 843 547 quo
875 497 1038 536 feriente
1071 498 1196 550 cadit,

308 555 382 600 Qui
415 554 535 593 calido
568 556 726 593 strictos
758 556 953 593 tincturus
985 557 1170 605 sanguine
1203 554 1373 607 cultros,

365 612 527 664 Semper
559 617 723 664 agatne,
755 619 893 664 rogat,
924 625 996 651 nec
1027 615 1102 652 nisi
1133 615 1262 652 iussus
1295 615 1393 664 agit.

309 670 420 721 [Pars
438 701 449 723 ,
481 671 571 721 quia
601 682 680 709 non
710 671 867 709 veniant
897 671 1096 722 pecudes,
1129 671 1196 709 sed
1228 677 1389 722 agantur

1028 728 1074 766 ab
1106 734 1218 780 actu,

364 786 512 825 Nomen
544 786 751 836 Agonalem
785 786 908 825 credit
938 786 1082 825 habere
1114 786 1236 825 diem.

219 853 285 883 325
318 844 411 883 Pars
443 850 553 895 putat
584 845 656 883 hoc
689 845 832 883 festum
863 845 1002 895 priscis
1034 844 1189 895 Agnalia
1221 844 1390 898 dictum,

365 902 446 941 Una
478 904 528 940 sit
559 908 602 940 ut
632 904 791 953 proprio
823 902 951 941 littera
983 902 1138 953 dempta
1169 901 1295 952 loco.]

305 962 392 1012 An,
426 962 515 1011 quia
545 962 743 1010 praevisos
773 962 812 998 in
845 972 943 1010 aqua
974 961 1085 998 timet
1116 960 1241 998 hostia
1272 960 1440 1014 cultros,

363 1019 394 1056 Α
424 1019 578 1069 pecoris
609 1018 674 1056 lux
707 1023 766 1056 est
796 1019 880 1068 ipsa
910 1024 1040 1057 notata
1072 1016 1212 1056 metu?

308 1076 380 1114 Fas
413 1077 527 1114 etiam
546 1107 556 1126 ‚
587 1076 672 1113 fieri
703 1075 825 1113 solitis
858 1080 981 1114 aetate
1013 1077 1189 1126 priorum

218 1144 285 1174 330
364 1134 526 1172 Nomina
558 1133 604 1171 de
636 1133 737 1171 ludis
771 1133 915 1171 Graeca
946 1133 1082 1171 tulisse
1115 1133 1239 1172 diem.

305 1192 354 1230 Et
384 1203 504 1242 pecus
537 1192 720 1241 antiquus
752 1190 904 1229 dicebat
934 1192 1081 1242 Agonia
1112 1202 1264 1243 sermo3

363 1249 538 1300 Veraque
570 1250 713 1287 iudicio
747 1254 806 1288 est
837 1248 969 1288 ultima
1002 1261 1116 1287 causa
1147 1261 1256 1288 meo.

306 1307 433 1358 thue
466 1319 509 1346 ea
541 1319 619 1345 non
651 1312 757 1346 certa
789 1313 875 1358 est,
906 1308 959 1346 ita
990 1319 1060 1345 rex
1090 1307 1242 1358 placare
1275 1319 1474 1347 sacrorum

364 1365 530 1404 Numina
562 1365 755 1416 lanigerae
787 1366 951 1415 coniuge
984 1365 1100 1404 debet
1131 1366 1235 1404 ovis.

218 1433 284 1463 335
305 1423 465 1462 Victima
485 1455 496 1475 ,
528 1435 625 1474 quae
657 1423 797 1461 cecidit
829 1423 963 1461 dextra
993 1424 1153 1462 victrice
1171 1454 1182 1474 ‚
1215 1429 1395 1476 vocatur;

363 1481 550 1520 Hostibus
583 1493 602 1519 a
634 1481 788 1520 domitis
820 1481 946 1520 hostia
976 1493 1117 1520 nomen
1148 1481 1286 1522 habet.

305 1540 403 1578 Ante
422 1570 432 1590 ‚
466 1540 558 1578 deos
589 1539 738 1578 homini
769 1539 871 1589 quod
904 1539 1109 1578 conciliare
1142 1539 1309 1591 valeret,

364 1597 437 1635 Far
469 1602 552 1636 erat
584 1603 622 1636 et
653 1598 742 1648 puri
773 1596 899 1635 lucida
930 1598 1029 1636 mica
1060 1596 1176 1636 salis.

305 1655 486 1694 Nondum
516 1654 732 1706 pertulerat
762 1654 978 1694 lacrimatas
1010 1657 1155 1694 cortice
1188 1667 1340 1694 murras

217 1722 284 1753 340
362 1714 456 1752 Acta
486 1725 557 1764 per
589 1725 801 1763 aequoreas
832 1713 985 1764 hospita
1016 1715 1122 1751 navis
1155 1725 1296 1764 aquas;

305 1771 408 1810 Tura
440 1783 512 1810 nec
544 1771 791 1822 Euphrates,
824 1783 896 1809 nec
929 1773 1086 1810 miserat
1117 1771 1225 1810 India
1256 1777 1430 1824 costum,

363 1829 442 1867 Neo
474 1830 629 1868 fuerant
659 1828 770 1868 rubri
801 1831 953 1880 cognita
985 1829 1047 1867 fila
1079 1831 1205 1868 croci.

304 1888 378 1926 Ara
410 1887 524 1926 dabat
555 1888 681 1926 fumos
713 1887 845 1925 herbis
877 1893 1060 1926 contenta
1092 1887 1266 1940 Sabinis,

363 1945 412 1984 Et
443 1958 521 1984 non
555 1947 693 1996 exiguo
725 1945 858 1984 laurus
890 1945 1025 1984 adusta
1058 1957 1175 1984 sono.

218 2012 283 2042 345
307 2003 436 2054 Siquis
470 2010 580 2055 erat,
612 2005 723 2042 factis
755 2005 855 2055 prati
887 2003 934 2042 de
965 2003 1061 2042 flore
1093 2004 1248 2042 coronis

365 2062 439 2107 Qui
471 2068 604 2112 posset
634 2062 752 2100 violas
785 2061 954 2113 addere,
987 2062 1093 2100 dives
1126 2067 1233 2100 erat.

304 2119 374 2158 Hic
393 2151 403 2171 ‚
437 2122 504 2170 qui
534 2132 639 2159 nunc
671 2121 795 2171 aperit
825 2121 1003 2170 percussi
1035 2121 1181 2158 viscera
1213 2121 1337 2171 tauri,

363 2178 403 2215 ln
438 2179 558 2217 sacris
590 2178 739 2217 nullum
772 2177 896 2216 culter
927 2177 1094 2216 habebat
1125 2189 1245 2228 opus.

304 2236 432 2274 Prima
465 2236 582 2275 Ceres
614 2237 744 2275 avidae
777 2237 903 2286 gavisa
935 2241 994 2274 est
1026 2238 1211 2286 sanguine
1243 2247 1407 2288 porcae,

216 2302 283 2332 350
362 2293 447 2332 Uita
479 2307 568 2333 suas
600 2296 739 2333 merita
772 2294 887 2333 caede
920 2296 1096 2333 nocentis
1128 2306 1245 2345 opes.
