1575 2489
190 64 273 105 124
730 68 795 99 ΕΧ
818 68 974 101 PONTO

363 173 413 212 Et
444 173 548 224 quod
579 174 685 212 iners
717 173 836 213 hiemi
867 176 1117 215 continuatur
1149 175 1325 228 hiemps.

305 231 376 270 Hic
408 243 468 269 me
500 236 738 281 pugnantem
770 244 859 271 cum
891 233 1035 284 frigore
1067 246 1235 285 cumque
1267 235 1418 286 sagittis

365 288 539 339 Cumque
572 301 657 327 meo
690 290 767 328 sato
799 297 937 342 quarta
968 292 1102 343 fatigat
1132 292 1307 343 hiemps.

305 346 400 385 Fine
433 353 567 385 carent
597 347 778 386 lacrimae
799 378 810 400 ‚
841 350 915 387 nisi
948 361 1036 388 cum
1069 355 1206 401 stupor
1237 350 1389 390 obstitit
1419 351 1518 405 illis,

242 413 286 443 30
364 404 414 443 Et
446 405 583 443 similis
615 407 731 444 morti
763 411 920 457 pectora
953 413 1088 458 torpor
1119 407 1256 447 habet.

306 462 475 501 Felicem
507 462 657 501 Nioben
676 495 687 514 ‚
720 466 894 514 quamvis
926 471 984 504 tot
1015 467 1152 504 funera
1183 466 1302 518 vidit,

365 521 471 566 Quae
503 522 635 571 posuit
666 533 824 560 sensum
843 553 854 574 ‚
886 535 998 562 saxea
1030 524 1128 562 facta
1147 554 1158 575 ‚
1190 524 1302 563 mali!

305 578 380 617 Vos
413 591 568 630 quoqne
601 579 756 631 felices,
789 592 953 630 quarum
985 581 1189 620 clamantia
1221 582 1381 621 fratrem

365 637 518 675 Cortice
551 636 689 676 velavit
719 638 887 689 populus
920 651 986 677 ora
1018 652 1140 678 novo,

242 703 285 733 35
305 695 372 733 Ille
399 708 468 744 ego
496 707 605 747 sum,
631 695 778 746 lignum
804 698 871 747 qui
897 709 974 735 non
1001 697 1181 736 admittar
1207 699 1247 736 in
1274 698 1418 737 ullum:
1480 706 1520 741 (6)

364 753 430 791 Ille
463 766 533 804 ego
567 766 654 791 sum
674 784 683 802 ,
716 754 860 793 frustra
893 757 958 805 qui
991 755 1086 806 lapis
1119 767 1204 794 esse
1237 756 1372 795 velim.

307 810 410 862 [Ipsa
442 811 602 850 Medusa
633 811 756 850 oculis
788 814 915 852 veniat
946 813 1037 852 licet
1069 813 1179 852 obvia
1211 816 1379 867 nostris,

364 870 525 908 Amittet
556 871 657 908 vires
689 872 773 921 ipsa
804 870 962 910 Medusa
995 871 1125 921 suas]

305 926 476 966 Vivimus
495 959 506 980 ‚
538 933 582 966 ut
613 941 825 979 numquam
856 941 975 968 sensu
1008 941 1208 969 careamus
1240 936 1393 983 amaro,

242 993 287 1024 40
366 985 415 1024 Et
446 988 599 1036 gravior
630 986 742 1037 longa
775 987 817 1025 fit
849 999 933 1026 mea
964 1000 1089 1038 poena
1122 1001 1250 1029 mora.

307 1043 370 1082 Sic
403 1045 721 1095 inconsumptum
753 1045 856 1096 Tityi
887 1058 1120 1097 semperque
1152 1059 1362 1086 renascens

364 1101 449 1140 Non
482 1104 611 1153 perit,
643 1108 687 1141 ut
718 1105 842 1153 possit
873 1115 986 1154 saepe
1020 1106 1148 1154 perIre
1168 1136 1179 1156 ⁷
1210 1107 1344 1144 iecur.

305 1160 353 1198 At
372 1190 382 1210 ‚
415 1165 509 1211 puto
530 1191 539 1207 ,
577 1172 665 1199 cum
697 1162 855 1211 requies
886 1162 1155 1213 medicinaque
1189 1163 1343 1213 publica
1375 1177 1491 1204 curae

366 1218 534 1257 Somnus
566 1218 704 1270 adest,
737 1219 860 1257 solitis
892 1232 967 1258 nox
999 1222 1105 1259 venit
1137 1221 1230 1260 orba
1263 1223 1394 1262 malis.

241 1283 285 1314 45
307 1276 465 1314 Somnia
497 1288 557 1314 me
590 1282 742 1315 terrent
773 1290 885 1316 veros
919 1279 1108 1317 imitantia
1140 1291 1276 1332 casus,

364 1334 414 1373 Et
446 1335 605 1385 vigilant
637 1347 775 1374 sensus
807 1337 846 1374 in
879 1348 963 1375 mea
995 1337 1132 1375 damna
1164 1339 1264 1376 mei.

306 1393 382 1431 Aut
415 1405 485 1443 ego
519 1393 750 1432 Sarmaticas
782 1394 915 1432 videor
947 1396 1068 1433 vitare
1101 1397 1281 1448 sagittas,

364 1451 441 1489 Aut
472 1451 563 1489 dare
597 1452 768 1502 captivas
800 1453 846 1490 ad
878 1453 959 1491 fera
991 1453 1115 1492 vincla
1147 1466 1310 1493 manus,

305 1509 382 1547 Aut
414 1509 480 1547 ubi
513 1509 686 1560 decipior
718 1509 889 1548 melioris
921 1512 1086 1561 imagine
1120 1514 1269 1564 somni,

242 1576 285 1605 50
365 1567 521 1617 Aspicio
554 1569 700 1618 patriae
735 1573 835 1607 tecta
867 1569 1002 1608 relicta
1033 1582 1164 1608 meae.

305 1624 355 1663 Et
386 1625 499 1663 modo
533 1625 761 1677 vobiscum,
795 1639 893 1677 quos
926 1639 1012 1666 sum
1044 1634 1281 1680 veneratuS‚
1313 1630 1450 1681 amici,

364 1683 415 1721 Et
445 1683 558 1721 modo
592 1696 682 1722 cum
714 1696 802 1722 cara
834 1687 998 1736 coniuge
1031 1686 1150 1725 multa
1183 1686 1344 1738 loquor.

307 1741 371 1780 Sic
403 1741 469 1780 ubi
502 1748 685 1792 percepta
718 1749 777 1780 est
809 1742 936 1781 brevis
970 1749 1008 1782 et
1040 1757 1117 1783 non
1149 1757 1239 1783 vera
1271 1745 1473 1797 voluptaS‚

364 1799 479 1838 Peior
512 1799 558 1838 ab
592 1800 791 1839 admonitu
824 1802 866 1840 fit
898 1808 1021 1840 status
1052 1804 1127 1841 iste
1160 1802 1273 1842 boni.

243 1866 286 1896 55
309 1858 395 1896 Sive
429 1858 512 1896 dies
544 1859 663 1908 igitur
696 1864 812 1909 caput
844 1859 917 1898 hoc
950 1860 1169 1900 miserabile
1203 1863 1351 1915 cernit,

366 1916 452 1954 Sive
484 1918 661 1967 pruinosi
693 1916 827 1955 Noctis
862 1925 1030 1969 aguntur
1062 1921 1176 1971 equi,

308 1974 371 2013 Sic
404 1986 487 2013 mea
520 1975 721 2025 perpetuis
752 1975 958 2026 liquefiunt
990 1983 1149 2027 pectora
1182 1979 1312 2029 curis,

365 2032 524 2084 Ignibus
557 2033 720 2071 admotis
753 2039 796 2072 ut
828 2046 924 2072 nova
957 2047 1045 2073 cera
1078 2035 1198 2074 solet.

308 2090 430 2142 Saepe
474 2103 615 2142 precor
659 2096 855 2144 mortem,
898 2098 1063 2132 mortem
1109 2106 1264 2145 quoque
1310 2094 1499 2145 deprecor

1030 2151 1158 2203 idem,
1482 2162 1522 2193 (7)

243 2216 285 2246 00
365 2207 420 2245 Ne
454 2220 538 2246 mea
571 2207 828 2247 Sarmaticum
861 2214 1040 2260 contegat
1072 2222 1158 2249 ossa
1191 2210 1337 2250 solum.

307 2265 405 2304 Cum
438 2266 571 2319 subit,
603 2266 770 2317 Augusti
802 2279 900 2318 quae
933 2269 983 2306 sit
1015 2268 1243 2321 clementia,
1277 2271 1393 2309 credo
