1575 2489
586 67 646 100 1v.
673 69 869 101 695-763.
1307 66 1393 107 305

179 172 292 212 Certe
326 186 396 225 ego
429 174 608 214 transilui
638 176 784 226 positas
816 180 876 214 ter
907 176 945 214 in
980 174 1116 213 ordine
1148 175 1344 227 flammas,

234 231 393 283 Udaque
425 239 576 272 roratas
608 233 738 272 laurea
771 235 877 273 misit
908 245 1049 284 aquas.

174 289 275 329 Mota
307 290 378 329 dea
411 297 498 343 est,
531 293 718 343 operique
751 292 879 331 favet.
936 291 1136 330 navalibus
1169 293 1230 330 exi

89 356 156 388 730
234 347 410 400 Puppis!
454 349 598 389 habent
628 356 764 389 ventos
795 352 871 389 iam
903 362 989 389 mea
1019 350 1102 389 vela
1135 362 1249 389 suos.

175 406 212 458 Ι,
244 413 333 458 pete
366 408 565 460 virginea,
599 409 795 460 populus,
828 409 1010 448 suffimen
1042 408 1088 447 ab
1121 421 1209 460 ara;

233 465 347 504 Vesta
379 466 512 514 dabit,
545 467 682 506 Vestae
713 480 876 506 munere
908 479 1031 519 purus
1064 469 1164 505 eris.

177 523 342 574 Sanguis
375 526 465 575 equi
497 526 678 564 suffimen
711 527 786 565 erit
816 526 1004 577 vitulique
1037 525 1185 576 favilla,

232 582 364 621 Tertia
396 595 460 622 res
492 583 611 623 durae
644 584 799 623 culmen
830 586 944 623 inane
977 584 1109 623 fabae.

86 648 154 680 ‘135
173 640 338 692 Pastor,
371 654 461 680 oves
494 649 645 681 saturas
678 643 723 681 ad
756 644 881 694 prima
912 642 1143 694 crepuscula
1174 642 1320 680 lustra:

232 699 341 738 Unda
373 702 483 750 prius
516 708 698 752 spargat,
732 703 915 752 virgaque
950 708 1078 740 verrat
1109 701 1294 752 humum,

174 757 395 797 Frondibus
428 764 467 797 et
498 760 583 798 fixis
617 760 853 799 decorentur
885 760 996 798 ovilia
1029 760 1170 810 ramis,

232 816 281 855 Et
313 823 417 868 tegat
449 824 603 856 ornatas
635 818 749 869 longa
781 830 923 856 corona
956 819 1083 856 fores.

174 874 351 913 Caerulei
382 876 475 914 fiant
505 877 589 914 vivo
623 876 670 914 de
703 876 863 927 sulpure
895 877 1014 925 fumi,

86 941 154 972 740
233 933 428 984 Tactaque
462 934 626 972 fumanti
658 934 818 985 sulpure
851 934 954 972 balet
986 935 1090 973 ovis.

173 991 248 1030 Ure
281 1003 408 1030 mares
440 992 543 1030 oleas
576 992 804 1043 taedamque
836 992 1055 1043 herbasque
1090 992 1275 1045 Sabinas,

229 1049 279 1088 Et
310 1057 444 1101 crepet
475 1052 515 1089 in
548 1051 685 1090 mediis
717 1051 850 1090 laurus
883 1051 1018 1090 adusta
1051 1052 1169 1090 focis.

170 1107 343 1158 Libaque
376 1109 422 1147 de
456 1108 561 1147 milio
594 1109 689 1148 milii
720 1109 863 1148 fiscella
895 1115 1108 1161 sequetur:

230 1167 389 1205 Rustica
421 1169 630 1218 praecipue
663 1174 723 1207 est
754 1168 827 1206 hoc
860 1168 930 1207 dea
962 1168 1061 1207 laeta
1093 1168 1204 1207 cibo.

82 1233 150 1265 '745
171 1225 277 1263 Adde
311 1225 428 1276 dapes
460 1226 745 1276 mulctramque
778 1238 867 1265 suas
886 1258 896 1278 ,
926 1227 1170 1278 dapibusque
1202 1228 1366 1266 resectis

231 1283 451 1322 Silvicolam
483 1285 613 1335 tepido
646 1284 744 1324 lacte
776 1297 937 1336 precare
970 1285 1110 1324 Palen.

173 1339 382 1381 ‘Consule’
416 1343 477 1382 dic
511 1340 664 1394 ‘pecori
695 1345 842 1394 pariter
873 1346 1106 1395 pecorisque
1139 1345 1358 1395 magistris:

229 1401 398 1452 Effugiat
430 1401 592 1440 stabulis
625 1414 725 1440 noxa
757 1402 911 1453 repulsa
944 1404 1063 1441 meis.

171 1459 258 1498 Sive
292 1472 402 1498 sacro
434 1462 549 1511 pavi,
582 1460 711 1498 sedive
744 1460 816 1499 sub
849 1460 988 1499 arbore
1021 1473 1153 1513 sacra,

83 1527 149 1558 750
229 1518 451 1569 Pabulaque
484 1531 505 1556 e
536 1518 662 1557 bustis
694 1520 816 1557 inscia
848 1520 993 1570 carpsit
1025 1521 1129 1558 ovis:

172 1576 212 1615 Si
243 1588 381 1615 nemus
414 1578 554 1615 intravi
587 1579 749 1616 vetitum
768 1608 778 1628 ,
812 1579 1004 1616 nostrisve
1036 1578 1190 1628 fugatae

229 1634 329 1674 Sunt
361 1635 483 1674 oculis
515 1635 706 1687 nymphae
739 1637 1001 1687 semicaperve
1035 1636 1155 1675 deus:

171 1693 212 1732 Si
244 1705 327 1732 mea
359 1693 434 1732 salx
466 1706 572 1733 ramo
605 1694 737 1733 lucum
769 1695 948 1745 spoliavit
978 1707 1122 1746 opaco,

229 1751 338 1790 Unde
371 1752 457 1791 data
490 1759 549 1791 est
580 1764 716 1803 aegrae
750 1754 894 1792 fascina
927 1754 1075 1791 frondis
1108 1755 1193 1792 ovi:

80 1819 148 1850 ‘155
170 1810 222 1849 Da
256 1812 405 1849 veniam
438 1810 602 1862 culpae.
659 1823 760 1863 nec,
793 1812 885 1850 dum
917 1812 1195 1864 degrandinat,
1228 1811 1329 1851 obsit

226 1870 380 1920 Agresti
413 1869 500 1907 fauo
534 1871 787 1920 supposuisse
818 1882 963 1921 pecus.

167 1928 247 1966 Nec
280 1934 418 1966 noceat
450 1927 627 1966 turbasse
660 1928 768 1967 lacus
789 1960 797 1968 .
853 1930 1043 1979 ignoscite
1063 1960 1073 1980 ,
1104 1928 1319 1981 nymphae,

225 1986 327 2025 Mota
359 1986 462 2038 quod
495 1986 682 2025 obscuras
715 1987 858 2037 ungula
891 1988 984 2025 fecit
1015 1999 1156 2038 aquas.

167 2044 255 2092 Tu,
288 2045 387 2097 dea,
419 2057 490 2096 pro
523 2045 636 2084 nobis
670 2046 796 2085 fontes
829 2047 1063 2096 fontanaque
1097 2045 1204 2097 placa

79 2111 147 2142 760
226 2103 421 2155 Numina,
455 2110 497 2142 tu
530 2116 686 2156 sparsos
719 2117 789 2155 per
821 2117 959 2143 nemus
992 2117 1107 2143 omne
1140 2105 1257 2144 deos.

166 2161 245 2201 Nec
278 2162 440 2214 dryadas
460 2193 471 2214 ,
503 2175 575 2202 nec
608 2175 679 2202 nos
713 2163 910 2202 videamus
942 2162 1048 2201 labra
1080 2163 1247 2216 Dianae,

224 2220 303 2259 Nec
336 2221 542 2274 Faunum,
575 2222 702 2260 medio
737 2235 825 2260 cum
857 2223 1000 2273 premit
1032 2234 1120 2260 arva
1153 2223 1237 2262 die.

164 2278 268 2318 Pelle
295 2280 432 2331 procul
459 2280 639 2320 morbos,
687 2281 835 2319 valeant
862 2281 1118 2332 hominesque
1145 2293 1384 2333 gregesque,

117 2350 224 2378 0V1D.
262 2352 319 2377 111.
1127 2350 1171 2382 20
