1575 2489
174 93 262 135 264
716 91 968 124 FASTORUM

352 200 567 250 Iugeraque
599 198 737 237 inculti
767 209 890 249 pauca
921 203 1054 236 tenere
1087 197 1180 236 soli.

295 258 391 297 Cum
421 269 514 308 pare
547 268 724 307 quaeque
751 268 821 294 suo
847 261 990 294 coeunt
1014 255 1270 306 volucresque
1297 256 1501 308 feraeque,

353 316 479 365 Atque
511 314 676 364 aliquam
696 345 707 365 ‚
738 313 784 352 de
817 325 892 364 qua
922 319 1130 365 procreet,
1162 315 1297 364 anguis
1328 313 1466 353 habet.

212 382 276 413 195
296 373 491 411 Extremis
524 372 664 410 dantur
696 370 860 410 conubia
891 371 1100 422 gentihus:
1145 377 1183 410 at
1214 383 1312 422 quae

354 430 525 469 Romano
558 429 671 468 vellet
703 428 850 467 nubere
869 460 880 479 ,
911 429 1016 468 nulla
1047 429 1141 468 fuit.

296 488 473 539 indolui,
504 489 746 539 patriamque
778 487 869 525 dedi
900 486 998 539 tibi,
1030 486 1190 526 Romule
1211 518 1222 538 ,
1253 493 1444 526 mentem.

355 543 499 584 “Tolle
531 557 668 596 preces
686 542 729 596 ,³⁹
759 544 837 583 dixi
870 541 1010 595 “quod
1041 546 1141 595 petis
1174 557 1278 583 arma
1304 541 1503 583 dabunt.''

296 604 411 643 Festa
442 609 552 655 parat
583 603 707 642 Conso
729 632 738 642 .
770 623 814 629 —
846 601 996 641 Consus
1028 602 1098 641 tibi
1129 609 1258 642 cetera
1290 603 1417 654 dicet,

211 671 276 702 200
356 661 423 700 Illo
456 662 555 700 facta
587 661 648 699 die
680 660 772 700 dum
805 672 874 699 sua
905 672 1014 699 sacra
1045 672 1181 699 canes.

297 720 522 759 Intumuere
555 719 677 757 Cures
710 724 749 757 et
779 730 876 769 quos
909 718 1017 756 dolor
1049 719 1174 768 attigit
1205 717 1329 757 idem.

356 778 455 816 Tum
487 779 658 828 primum
689 778 844 827 generis
876 776 1006 815 intulit
1038 788 1142 814 arma
1174 787 1308 814 socer.

297 836 454 886 Iamque
487 836 568 873 fere
601 841 733 886 raptae
765 840 932 873 matrum
964 846 1119 885 quoque
1151 845 1292 872 nomen

1229 890 1443 942 habebant,

357 951 574 1002 Tractaque
607 956 717 989 erant
747 950 860 1000 longa
892 949 990 988 bella
1021 951 1238 1000 propinqua
1271 961 1399 987 mora.

212 1018 278 1049 205
300 1009 544 1047 Conveniunt
574 1014 717 1059 nuptae
749 1008 890 1046 dictam
921 1007 1079 1046 Iunonis
1110 1009 1150 1046 in
1182 1007 1340 1058 aedem,

359 1066 462 1112 Quas
494 1068 596 1105 inter
627 1078 712 1104 mea
745 1068 800 1104 sic
832 1071 892 1104 est
923 1077 1045 1104 nurus
1078 1077 1165 1103 orsa
1197 1065 1324 1115 loqui:

299 1122 368 1163 “O
401 1126 547 1175 pariter
579 1130 739 1175 raptae,
771 1144 814 1149 —-
847 1124 1028 1173 quoniam
1060 1123 1133 1161 hoc
1165 1134 1369 1161 commune

1199 1186 1376 1219 tenemus
1410 1202 1450 1206 —

357 1240 442 1279 Non
477 1239 576 1278 ultra
607 1239 710 1277 lente
742 1250 950 1290 possumus
983 1250 1067 1276 esse
1099 1239 1206 1289 piae.

302 1299 414 1337 Stant
445 1299 574 1337 acies:
619 1297 687 1336 sed
719 1302 806 1336 utra
837 1296 875 1335 di
907 1298 984 1335 sint
1015 1308 1085 1347 pro
1118 1300 1226 1346 parte
1258 1295 1442 1347 rogandi,

213 1366 279 1397 210
358 1356 526 1407 Eligite:
571 1355 661 1394 hine
693 1356 891 1406 conium,
923 1354 1013 1393 hinc
1045 1359 1154 1404 pater
1186 1366 1291 1392 arma
1323 1360 1451 1393 tenet.

302 1414 575 1460 Quaerendum
608 1419 695 1465 est,
727 1413 862 1451 viduae
894 1413 979 1451 fieri
1011 1412 1187 1450 malimus
1206 1443 1216 1463 ,
1249 1424 1296 1450 an
1329 1411 1469 1450 orbae.

362 1472 574 1511 Consilium
607 1471 714 1510 vobis
747 1472 845 1509 forte
878 1472 1063 1521 piumque
1096 1466 1253 1508 dabo.''

305 1530 517 1570 Consilium
549 1529 737 1568 dederat.
793 1535 959 1579 parent,
992 1530 1198 1578 crinesque
1231 1527 1453 1579 resolvunt,

360 1588 582 1638 Maestaque
616 1588 775 1626 funerea
808 1598 970 1637 corpora
1001 1591 1107 1624 veste
1139 1592 1301 1636 tegunt.

216 1647 380 1687 215lam
414 1652 603 1685 steterant
635 1647 736 1684 acies
768 1645 872 1683 ferro
905 1645 1097 1694 mortique
1130 1650 1307 1695 paratae,

362 1704 440 1743 Iam
472 1704 590 1742 lituus
622 1715 773 1754 pugnae
806 1704 914 1753 signa
946 1702 1106 1740 daturus
1139 1708 1244 1740 erat:

305 1763 401 1802 Cum
434 1768 566 1813 raptae
598 1763 757 1799 veniunt
789 1762 890 1799 inter
922 1766 1130 1811 patresque
1162 1761 1367 1812 virosque,

362 1820 483 1871 Inque
517 1821 604 1858 sinu
636 1826 775 1869 natos,
808 1820 968 1870 pignora
1000 1829 1116 1868 cara,
1149 1824 1306 1857 tenent.

305 1879 353 1918 Ut
385 1878 556 1917 medium
588 1879 713 1928 campi
745 1878 876 1915 scissis
908 1877 1071 1927 tetigere
1104 1875 1274 1927 capillis,
1458 1883 1513 1916 (83)

220 1947 286 1978 220
367 1936 409 1975 In
441 1942 584 1975 terram
617 1937 742 1987 posito
775 1934 1020 1986 procubuere
1051 1945 1176 1984 genu:

305 1995 354 2034 Et
386 1996 496 2045 quasi
528 1995 747 2040 sentirent,
780 1992 918 2031 blando
951 1992 1118 2031 clamore
1151 1997 1312 2042 nepotes

364 2052 591 2091 Tendehant
622 2052 667 2090 ad
700 2063 790 2090 avos
821 2050 1000 2089 bracchia
1031 2061 1146 2100 parva
1179 2061 1292 2088 suos.

308 2112 380 2157 Qui
413 2116 565 2162 poterat
586 2142 596 2162 ,
629 2109 815 2148 clamabat
846 2120 957 2147 avum
977 2139 988 2159 ,
1020 2115 1113 2146 tunc
1145 2107 1312 2158 denique
1345 2109 1491 2158 visum,

365 2169 413 2208 Et
445 2171 511 2219 qui
543 2169 604 2206 vix
637 2174 816 2219 poterat,
849 2178 962 2218 posse
994 2172 1151 2204 coactus
1183 2172 1287 2204 erat.

221 2236 286 2267 225
307 2227 399 2266 Tela
430 2228 524 2265 viris
556 2228 750 2277 animique
785 2225 955 2275 cadunt,
987 2224 1200 2275 gladiisque
1232 2224 1390 2262 remotis

366 2285 465 2324 Dant
496 2286 622 2323 soceri
654 2285 807 2336 generis
840 2284 1112 2333 accipiuntque
1145 2294 1308 2333 manus3
