<?xml version="1.0" encoding="UTF-8"?>
<!DOCTYPE html PUBLIC "-//W3C//DTD XHTML 1.0 Transitional//EN"
    "http://www.w3.org/TR/xhtml1/DTD/xhtml1-transitional.dtd">
<html xmlns="http://www.w3.org/1999/xhtml" xml:lang="en" lang="en">
 <head>
  <title>
</title>
<meta http-equiv="Content-Type" content="text/html;charset=utf-8" />
  <meta name='ocr-system' content='tesseract 3.04.00' />
  <meta name='ocr-capabilities' content='ocr_page ocr_carea ocr_par ocr_line ocrx_word'/>
</head>
<body>
  <div class='ocr_page' id='page_1' title='image "./operaovid01oviduoft_0153.png"; bbox 0 0 1575 2489; ppageno 0'>
   <div class='ocr_carea' id='block_1_1' title="bbox 526 76 1302 119">
    <p class='ocr_par' dir='ltr' id='par_1_1' title="bbox 526 76 1302 119">
     <span class='ocr_line' id='line_1_1' title="bbox 526 76 1302 119; baseline 0.01 -8"><span class='ocrx_word' id='word_1_1' title='bbox 526 80 567 111; x_wconf 89' lang='lat' dir='ltr'>v.</span> <span class='ocrx_word' id='word_1_2' title='bbox 593 81 742 113; x_wconf 81' lang='lat'>23—96.</span> <span class='ocrx_word' id='word_1_3' title='bbox 1219 76 1302 119; x_wconf 86' lang='lat'>105</span> 
     </span>
    </p>
   </div>
   <div class='ocr_carea' id='block_1_2' title="bbox 29 185 1305 2324">
    <p class='ocr_par' dir='ltr' id='par_1_2' title="bbox 29 185 1305 2324">
     <span class='ocr_line' id='line_1_2' title="bbox 92 185 1238 238; baseline -0.003 -11"><span class='ocrx_word' id='word_1_4' title='bbox 92 188 142 227; x_wconf 84' lang='lat' dir='ltr'>Et</span> <span class='ocrx_word' id='word_1_5' title='bbox 173 188 383 238; x_wconf 85' lang='lat' dir='ltr'>quoniam,</span> <span class='ocrx_word' id='word_1_6' title='bbox 416 188 483 237; x_wconf 90' lang='lat' dir='ltr'>qui</span> <span class='ocrx_word' id='word_1_7' title='bbox 514 188 596 238; x_wconf 87' lang='lat' dir='ltr'>sis,</span> <span class='ocrx_word' id='word_1_8' title='bbox 627 186 802 225; x_wconf 91' lang='lat' dir='ltr'>nondum</span> <span class='ocrx_word' id='word_1_9' title='bbox 834 185 1111 237; x_wconf 81' lang='lat' dir='ltr'>quaerentibus</span> <span class='ocrx_word' id='word_1_10' title='bbox 1143 186 1238 237; x_wconf 83' lang='lat' dir='ltr'>edo,</span> 
     </span>
     <span class='ocr_line' id='line_1_3' title="bbox 149 244 1042 295; baseline -0.001 -12"><span class='ocrx_word' id='word_1_11' title='bbox 149 245 267 283; x_wconf 86' lang='lat' dir='ltr'>Ibidis</span> <span class='ocrx_word' id='word_1_12' title='bbox 298 246 447 282; x_wconf 87' lang='lat' dir='ltr'>interea</span> <span class='ocrx_word' id='word_1_13' title='bbox 478 249 521 283; x_wconf 88' lang='lat' dir='ltr'>tu</span> <span class='ocrx_word' id='word_1_14' title='bbox 554 256 708 295; x_wconf 90' lang='lat' dir='ltr'>quoque</span> <span class='ocrx_word' id='word_1_15' title='bbox 741 256 883 283; x_wconf 91' lang='lat' dir='ltr'>nomen</span> <span class='ocrx_word' id='word_1_16' title='bbox 914 244 1042 295; x_wconf 81' lang='lat' dir='ltr'>habe3</span> 
     </span>
     <span class='ocr_line' id='line_1_4' title="bbox 91 301 1172 354; baseline -0.002 -12"><span class='ocrx_word' id='word_1_17' title='bbox 91 302 217 353; x_wconf 88' lang='lat' dir='ltr'>thue</span> <span class='ocrx_word' id='word_1_18' title='bbox 248 304 325 340; x_wconf 90' lang='lat' dir='ltr'>mei</span> <span class='ocrx_word' id='word_1_19' title='bbox 355 314 492 340; x_wconf 88' lang='lat' dir='ltr'>versus</span> <span class='ocrx_word' id='word_1_20' title='bbox 524 302 764 352; x_wconf 86' lang='lat' dir='ltr'>aliquantum</span> <span class='ocrx_word' id='word_1_21' title='bbox 794 303 920 341; x_wconf 88' lang='lat' dir='ltr'>noctis</span> <span class='ocrx_word' id='word_1_22' title='bbox 951 301 1172 354; x_wconf 87' lang='lat' dir='ltr'>habebunt,</span> 
     </span>
     <span class='ocr_line' id='line_1_5' title="bbox 152 360 950 399; baseline 0 0"><span class='ocrx_word' id='word_1_23' title='bbox 152 360 216 399; x_wconf 93' lang='lat' dir='ltr'>Sic</span> <span class='ocrx_word' id='word_1_24' title='bbox 246 361 346 398; x_wconf 89' lang='lat' dir='ltr'>vitae</span> <span class='ocrx_word' id='word_1_25' title='bbox 379 361 501 398; x_wconf 91' lang='lat' dir='ltr'>series</span> <span class='ocrx_word' id='word_1_26' title='bbox 532 365 612 398; x_wconf 88' lang='lat' dir='ltr'>tota</span> <span class='ocrx_word' id='word_1_27' title='bbox 645 361 695 398; x_wconf 88' lang='lat' dir='ltr'>sit</span> <span class='ocrx_word' id='word_1_28' title='bbox 725 365 808 398; x_wconf 84' lang='lat' dir='ltr'>atra</span> <span class='ocrx_word' id='word_1_29' title='bbox 839 366 950 399; x_wconf 88' lang='lat' dir='ltr'>tuae.</span> 
     </span>
     <span class='ocr_line' id='line_1_6' title="bbox 29 417 1285 468; baseline -0.002 -10"><span class='ocrx_word' id='word_1_30' title='bbox 29 427 72 459; x_wconf 86' lang='lat'>65</span> <span class='ocrx_word' id='word_1_31' title='bbox 93 418 196 456; x_wconf 93' lang='lat' dir='ltr'>Haec</span> <span class='ocrx_word' id='word_1_32' title='bbox 226 417 297 456; x_wconf 87' lang='lat' dir='ltr'>tibi</span> <span class='ocrx_word' id='word_1_33' title='bbox 330 417 445 456; x_wconf 89' lang='lat' dir='ltr'>natali</span> <span class='ocrx_word' id='word_1_34' title='bbox 477 418 615 467; x_wconf 81' lang='lat' dir='ltr'>facito,</span> <span class='ocrx_word' id='word_1_35' title='bbox 647 417 805 468; x_wconf 89' lang='lat' dir='ltr'>Ianique</span> <span class='ocrx_word' id='word_1_36' title='bbox 836 417 1010 456; x_wconf 82' lang='lat' dir='ltr'>kalendis</span> <span class='ocrx_word' id='word_1_37' title='bbox 1246 419 1285 451; x_wconf 83' lang='lat'>(4)</span> 
     </span>
     <span class='ocr_line' id='line_1_7' title="bbox 149 475 927 526; baseline 0 -13"><span class='ocrx_word' id='word_1_38' title='bbox 149 476 235 514; x_wconf 94' lang='lat' dir='ltr'>Non</span> <span class='ocrx_word' id='word_1_39' title='bbox 266 477 478 514; x_wconf 90' lang='lat' dir='ltr'>mentituro</span> <span class='ocrx_word' id='word_1_40' title='bbox 512 475 675 526; x_wconf 84' lang='lat' dir='ltr'>quilibet</span> <span class='ocrx_word' id='word_1_41' title='bbox 706 488 773 513; x_wconf 91' lang='lat' dir='ltr'>ore</span> <span class='ocrx_word' id='word_1_42' title='bbox 804 475 927 526; x_wconf 88' lang='lat' dir='ltr'>legat.</span> 
     </span>
     <span class='ocr_line' id='line_1_8' title="bbox 92 533 1176 584; baseline 0.001 -13"><span class='ocrx_word' id='word_1_43' title='bbox 92 534 136 572; x_wconf 91' lang='lat' dir='ltr'>Di</span> <span class='ocrx_word' id='word_1_44' title='bbox 167 535 284 572; x_wconf 82' lang='lat' dir='ltr'>maris</span> <span class='ocrx_word' id='word_1_45' title='bbox 319 539 357 572; x_wconf 88' lang='lat' dir='ltr'>et</span> <span class='ocrx_word' id='word_1_46' title='bbox 388 538 515 571; x_wconf 89' lang='lat' dir='ltr'>terrae</span> <span class='ocrx_word' id='word_1_47' title='bbox 535 564 545 583; x_wconf 92' lang='lat'>‚</span> <span class='ocrx_word' id='word_1_48' title='bbox 578 535 722 584; x_wconf 90' lang='lat' dir='ltr'>quique</span> <span class='ocrx_word' id='word_1_49' title='bbox 753 533 814 571; x_wconf 91' lang='lat' dir='ltr'>his</span> <span class='ocrx_word' id='word_1_50' title='bbox 845 534 1003 572; x_wconf 84' lang='lat' dir='ltr'>meliora</span> <span class='ocrx_word' id='word_1_51' title='bbox 1035 535 1176 572; x_wconf 89' lang='lat' dir='ltr'>tenetis</span> 
     </span>
     <span class='ocr_line' id='line_1_9' title="bbox 150 591 1017 642; baseline -0.001 -12"><span class='ocrx_word' id='word_1_52' title='bbox 150 591 256 630; x_wconf 88' lang='lat' dir='ltr'>Inter</span> <span class='ocrx_word' id='word_1_53' title='bbox 287 591 461 629; x_wconf 86' lang='lat' dir='ltr'>diversos</span> <span class='ocrx_word' id='word_1_54' title='bbox 494 603 582 630; x_wconf 91' lang='lat' dir='ltr'>cum</span> <span class='ocrx_word' id='word_1_55' title='bbox 614 591 701 630; x_wconf 90' lang='lat' dir='ltr'>Iove</span> <span class='ocrx_word' id='word_1_56' title='bbox 733 603 852 642; x_wconf 90' lang='lat' dir='ltr'>regna</span> <span class='ocrx_word' id='word_1_57' title='bbox 884 591 1017 642; x_wconf 89' lang='lat' dir='ltr'>polos,</span> 
     </span>
     <span class='ocr_line' id='line_1_10' title="bbox 92 649 1303 702; baseline -0.001 -14"><span class='ocrx_word' id='word_1_58' title='bbox 92 649 177 688; x_wconf 88' lang='lat' dir='ltr'>Huc</span> <span class='ocrx_word' id='word_1_59' title='bbox 197 681 208 701; x_wconf 94' lang='lat'>‚</span> <span class='ocrx_word' id='word_1_60' title='bbox 237 661 379 701; x_wconf 82' lang='lat' dir='ltr'>precor</span> <span class='ocrx_word' id='word_1_61' title='bbox 398 681 409 702; x_wconf 87' lang='lat'>‚</span> <span class='ocrx_word' id='word_1_62' title='bbox 440 649 516 688; x_wconf 89' lang='lat' dir='ltr'>huc</span> <span class='ocrx_word' id='word_1_63' title='bbox 548 655 696 687; x_wconf 84' lang='lat' dir='ltr'>vestras</span> <span class='ocrx_word' id='word_1_64' title='bbox 734 661 869 688; x_wconf 91' lang='lat' dir='ltr'>omnes</span> <span class='ocrx_word' id='word_1_65' title='bbox 906 649 1094 687; x_wconf 89' lang='lat' dir='ltr'>advertite</span> <span class='ocrx_word' id='word_1_66' title='bbox 1128 654 1303 700; x_wconf 82' lang='lat' dir='ltr'>mentes,</span> 
     </span>
     <span class='ocr_line' id='line_1_11' title="bbox 29 707 1012 758; baseline -0.003 -10"><span class='ocrx_word' id='word_1_67' title='bbox 29 717 72 748; x_wconf 79' lang='grc'>70</span> <span class='ocrx_word' id='word_1_68' title='bbox 150 707 199 746; x_wconf 88' lang='lat' dir='ltr'>Et</span> <span class='ocrx_word' id='word_1_69' title='bbox 230 709 344 746; x_wconf 88' lang='lat' dir='ltr'>sinite</span> <span class='ocrx_word' id='word_1_70' title='bbox 376 709 517 758; x_wconf 86' lang='lat' dir='ltr'>optatis</span> <span class='ocrx_word' id='word_1_71' title='bbox 548 707 701 758; x_wconf 91' lang='lat' dir='ltr'>pondus</span> <span class='ocrx_word' id='word_1_72' title='bbox 731 708 860 745; x_wconf 90' lang='lat' dir='ltr'>inesse</span> <span class='ocrx_word' id='word_1_73' title='bbox 891 708 1012 745; x_wconf 92' lang='lat' dir='ltr'>meis:</span> 
     </span>
     <span class='ocr_line' id='line_1_12' title="bbox 92 764 1220 817; baseline -0.002 -13"><span class='ocrx_word' id='word_1_74' title='bbox 92 765 258 817; x_wconf 87' lang='lat' dir='ltr'>Ipsaque</span> <span class='ocrx_word' id='word_1_75' title='bbox 289 770 331 804; x_wconf 87' lang='lat' dir='ltr'>tu</span> <span class='ocrx_word' id='word_1_76' title='bbox 364 765 494 804; x_wconf 87' lang='lat' dir='ltr'>Tellus</span> <span class='ocrx_word' id='word_1_77' title='bbox 513 796 524 816; x_wconf 90' lang='lat'>,</span> <span class='ocrx_word' id='word_1_78' title='bbox 556 767 684 816; x_wconf 89' lang='lat' dir='ltr'>ipsum</span> <span class='ocrx_word' id='word_1_79' title='bbox 716 777 805 803; x_wconf 92' lang='lat' dir='ltr'>cum</span> <span class='ocrx_word' id='word_1_80' title='bbox 835 764 1020 803; x_wconf 81' lang='lat' dir='ltr'>fluctibus</span> <span class='ocrx_word' id='word_1_81' title='bbox 1052 776 1220 816; x_wconf 86' lang='lat' dir='ltr'>aequor,</span> 
     </span>
     <span class='ocr_line' id='line_1_13' title="bbox 150 823 1075 874; baseline -0.001 -13"><span class='ocrx_word' id='word_1_82' title='bbox 150 823 236 874; x_wconf 90' lang='lat' dir='ltr'>Ipse</span> <span class='ocrx_word' id='word_1_83' title='bbox 268 835 374 862; x_wconf 92' lang='lat' dir='ltr'>meas</span> <span class='ocrx_word' id='word_1_84' title='bbox 404 823 538 862; x_wconf 87' lang='lat' dir='ltr'>aether</span> <span class='ocrx_word' id='word_1_85' title='bbox 570 825 701 872; x_wconf 84' lang='lat' dir='ltr'>accipe</span> <span class='ocrx_word' id='word_1_86' title='bbox 733 834 883 860; x_wconf 90' lang='lat' dir='ltr'>summe</span> <span class='ocrx_word' id='word_1_87' title='bbox 914 834 1075 874; x_wconf 81' lang='lat' dir='ltr'>preces3</span> 
     </span>
     <span class='ocr_line' id='line_1_14' title="bbox 93 880 1101 932; baseline -0.002 -12"><span class='ocrx_word' id='word_1_88' title='bbox 93 881 306 932; x_wconf 83' lang='lat' dir='ltr'>Sideraque</span> <span class='ocrx_word' id='word_1_89' title='bbox 339 886 378 919; x_wconf 89' lang='lat' dir='ltr'>et</span> <span class='ocrx_word' id='word_1_90' title='bbox 409 881 526 919; x_wconf 90' lang='lat' dir='ltr'>radiis</span> <span class='ocrx_word' id='word_1_91' title='bbox 559 880 796 919; x_wconf 87' lang='lat' dir='ltr'>circumdata</span> <span class='ocrx_word' id='word_1_92' title='bbox 828 880 920 918; x_wconf 91' lang='lat' dir='ltr'>solis</span> <span class='ocrx_word' id='word_1_93' title='bbox 951 882 1101 932; x_wconf 80' lang='lat' dir='ltr'>imago,</span> 
     </span>
     <span class='ocr_line' id='line_1_15' title="bbox 149 938 1303 991; baseline -0.001 -14"><span class='ocrx_word' id='word_1_94' title='bbox 149 939 335 990; x_wconf 79' lang='lat' dir='ltr'>Lunaque</span> <span class='ocrx_word' id='word_1_95' title='bbox 353 970 365 990; x_wconf 93' lang='lat'>,</span> <span class='ocrx_word' id='word_1_96' title='bbox 397 951 494 989; x_wconf 89' lang='lat' dir='ltr'>quae</span> <span class='ocrx_word' id='word_1_97' title='bbox 521 950 732 989; x_wconf 86' lang='lat' dir='ltr'>numquam</span> <span class='ocrx_word' id='word_1_98' title='bbox 760 950 835 989; x_wconf 90' lang='lat' dir='ltr'>quo</span> <span class='ocrx_word' id='word_1_99' title='bbox 860 939 972 988; x_wconf 90' lang='lat' dir='ltr'>prius</span> <span class='ocrx_word' id='word_1_100' title='bbox 992 970 1000 986; x_wconf 86' lang='lat'>,</span> <span class='ocrx_word' id='word_1_101' title='bbox 1033 938 1127 977; x_wconf 92' lang='lat' dir='ltr'>orbe</span> <span class='ocrx_word' id='word_1_102' title='bbox 1160 940 1303 991; x_wconf 89' lang='lat' dir='ltr'>micas,</span> 
     </span>
     <span class='ocr_line' id='line_1_16' title="bbox 31 996 1157 1049; baseline -0.003 -12"><span class='ocrx_word' id='word_1_103' title='bbox 31 1005 72 1037; x_wconf 82' lang='lat'>75</span> <span class='ocrx_word' id='word_1_104' title='bbox 92 997 254 1047; x_wconf 87' lang='lat' dir='ltr'>Noxque</span> <span class='ocrx_word' id='word_1_105' title='bbox 286 996 537 1035; x_wconf 87' lang='lat' dir='ltr'>tenebrarum</span> <span class='ocrx_word' id='word_1_106' title='bbox 569 998 697 1047; x_wconf 88' lang='lat' dir='ltr'>specie</span> <span class='ocrx_word' id='word_1_107' title='bbox 729 996 943 1035; x_wconf 87' lang='lat' dir='ltr'>reverenda</span> <span class='ocrx_word' id='word_1_108' title='bbox 975 1002 1157 1049; x_wconf 81' lang='lat' dir='ltr'>tuarum3</span> 
     </span>
     <span class='ocr_line' id='line_1_17' title="bbox 152 1054 1123 1105; baseline -0.001 -12"><span class='ocrx_word' id='word_1_109' title='bbox 152 1055 337 1105; x_wconf 85' lang='lat' dir='ltr'>Quaeque</span> <span class='ocrx_word' id='word_1_110' title='bbox 369 1060 496 1093; x_wconf 86' lang='lat' dir='ltr'>ratum</span> <span class='ocrx_word' id='word_1_111' title='bbox 527 1054 671 1105; x_wconf 86' lang='lat' dir='ltr'>triplici</span> <span class='ocrx_word' id='word_1_112' title='bbox 702 1054 841 1105; x_wconf 82' lang='lat' dir='ltr'>pollice</span> <span class='ocrx_word' id='word_1_113' title='bbox 872 1056 973 1092; x_wconf 86' lang='lat' dir='ltr'>netis</span> <span class='ocrx_word' id='word_1_114' title='bbox 1006 1067 1123 1105; x_wconf 90' lang='lat' dir='ltr'>opus,</span> 
     </span>
     <span class='ocr_line' id='line_1_18' title="bbox 94 1112 1162 1163; baseline 0.001 -12"><span class='ocrx_word' id='word_1_115' title='bbox 94 1113 247 1163; x_wconf 91' lang='lat' dir='ltr'>Quique</span> <span class='ocrx_word' id='word_1_116' title='bbox 277 1125 348 1163; x_wconf 91' lang='lat' dir='ltr'>per</span> <span class='ocrx_word' id='word_1_117' title='bbox 379 1113 552 1151; x_wconf 80' lang='lat' dir='ltr'>infernas</span> <span class='ocrx_word' id='word_1_118' title='bbox 584 1112 779 1151; x_wconf 89' lang='lat' dir='ltr'>horrendo</span> <span class='ocrx_word' id='word_1_119' title='bbox 811 1124 1014 1151; x_wconf 89' lang='lat' dir='ltr'>murmure</span> <span class='ocrx_word' id='word_1_120' title='bbox 1046 1112 1162 1152; x_wconf 89' lang='lat' dir='ltr'>valles</span> 
     </span>
     <span class='ocr_line' id='line_1_19' title="bbox 151 1170 922 1222; baseline 0 -14"><span class='ocrx_word' id='word_1_121' title='bbox 151 1171 415 1221; x_wconf 87' lang='lat' dir='ltr'>Inperiuratae</span> <span class='ocrx_word' id='word_1_122' title='bbox 448 1170 589 1208; x_wconf 85' lang='lat' dir='ltr'>laberis</span> <span class='ocrx_word' id='word_1_123' title='bbox 621 1172 744 1208; x_wconf 91' lang='lat' dir='ltr'>amnis</span> <span class='ocrx_word' id='word_1_124' title='bbox 776 1182 922 1222; x_wconf 88' lang='lat' dir='ltr'>aquae,</span> 
     </span>
     <span class='ocr_line' id='line_1_20' title="bbox 95 1227 1088 1279; baseline -0.001 -12"><span class='ocrx_word' id='word_1_125' title='bbox 95 1229 277 1279; x_wconf 86' lang='lat' dir='ltr'>Quasque</span> <span class='ocrx_word' id='word_1_126' title='bbox 309 1229 441 1267; x_wconf 87' lang='lat' dir='ltr'>ferunt</span> <span class='ocrx_word' id='word_1_127' title='bbox 471 1234 574 1267; x_wconf 89' lang='lat' dir='ltr'>torto</span> <span class='ocrx_word' id='word_1_128' title='bbox 606 1230 751 1266; x_wconf 86' lang='lat' dir='ltr'>vittatis</span> <span class='ocrx_word' id='word_1_129' title='bbox 783 1240 907 1278; x_wconf 85' lang='lat' dir='ltr'>angue</span> <span class='ocrx_word' id='word_1_130' title='bbox 941 1227 1088 1279; x_wconf 88' lang='lat' dir='ltr'>capillis</span> 
     </span>
     <span class='ocr_line' id='line_1_21' title="bbox 29 1286 995 1338; baseline -0.003 -11"><span class='ocrx_word' id='word_1_131' title='bbox 29 1296 72 1327; x_wconf 87' lang='lat'>80</span> <span class='ocrx_word' id='word_1_132' title='bbox 152 1286 328 1325; x_wconf 87' lang='lat' dir='ltr'>Carceris</span> <span class='ocrx_word' id='word_1_133' title='bbox 360 1286 547 1324; x_wconf 91' lang='lat' dir='ltr'>obscuras</span> <span class='ocrx_word' id='word_1_134' title='bbox 579 1292 667 1324; x_wconf 86' lang='lat' dir='ltr'>ante</span> <span class='ocrx_word' id='word_1_135' title='bbox 699 1286 836 1325; x_wconf 90' lang='lat' dir='ltr'>sedere</span> <span class='ocrx_word' id='word_1_136' title='bbox 868 1287 995 1338; x_wconf 83' lang='lat' dir='ltr'>fores3</span> 
     </span>
     <span class='ocr_line' id='line_1_22' title="bbox 93 1343 1304 1396; baseline 0.001 -14"><span class='ocrx_word' id='word_1_137' title='bbox 93 1344 169 1383; x_wconf 87' lang='lat' dir='ltr'>Vos</span> <span class='ocrx_word' id='word_1_138' title='bbox 213 1356 399 1396; x_wconf 90' lang='lat' dir='ltr'>quoque,</span> <span class='ocrx_word' id='word_1_139' title='bbox 447 1343 558 1395; x_wconf 89' lang='lat' dir='ltr'>plebs</span> <span class='ocrx_word' id='word_1_140' title='bbox 601 1356 817 1396; x_wconf 84' lang='lat' dir='ltr'>superum,</span> <span class='ocrx_word' id='word_1_141' title='bbox 863 1345 970 1382; x_wconf 82' lang='lat' dir='ltr'>fauni</span> <span class='ocrx_word' id='word_1_142' title='bbox 1013 1345 1209 1395; x_wconf 83' lang='lat' dir='ltr'>satyrique</span> <span class='ocrx_word' id='word_1_143' title='bbox 1254 1344 1304 1383; x_wconf 90' lang='lat' dir='ltr'>la·</span> 
     </span>
     <span class='ocr_line' id='line_1_23' title="bbox 815 1414 957 1453; baseline 0 -13"><span class='ocrx_word' id='word_1_144' title='bbox 815 1414 957 1453; x_wconf 90' lang='lat' dir='ltr'>resque</span> 
     </span>
     <span class='ocr_line' id='line_1_24' title="bbox 152 1460 1202 1511; baseline 0.002 -13"><span class='ocrx_word' id='word_1_145' title='bbox 152 1460 406 1510; x_wconf 84' lang='lat' dir='ltr'>Fluminaque</span> <span class='ocrx_word' id='word_1_146' title='bbox 440 1465 478 1499; x_wconf 87' lang='lat' dir='ltr'>et</span> <span class='ocrx_word' id='word_1_147' title='bbox 508 1460 698 1511; x_wconf 81' lang='lat' dir='ltr'>nymphae</span> <span class='ocrx_word' id='word_1_148' title='bbox 731 1460 1024 1510; x_wconf 89' lang='lat' dir='ltr'>semideumque</span> <span class='ocrx_word' id='word_1_149' title='bbox 1056 1473 1202 1511; x_wconf 85' lang='lat' dir='ltr'>genus:</span> 
     </span>
     <span class='ocr_line' id='line_1_25' title="bbox 94 1518 1111 1569; baseline -0.001 -12"><span class='ocrx_word' id='word_1_150' title='bbox 94 1518 270 1569; x_wconf 91' lang='lat' dir='ltr'>Denique</span> <span class='ocrx_word' id='word_1_151' title='bbox 302 1518 348 1556; x_wconf 89' lang='lat' dir='ltr'>ab</span> <span class='ocrx_word' id='word_1_152' title='bbox 381 1520 539 1568; x_wconf 90' lang='lat' dir='ltr'>antiquo</span> <span class='ocrx_word' id='word_1_153' title='bbox 573 1518 650 1556; x_wconf 86' lang='lat' dir='ltr'>divi</span> <span class='ocrx_word' id='word_1_154' title='bbox 681 1524 912 1568; x_wconf 88' lang='lat' dir='ltr'>veteresque</span> <span class='ocrx_word' id='word_1_155' title='bbox 943 1519 1111 1568; x_wconf 90' lang='lat' dir='ltr'>novique</span> 
     </span>
     <span class='ocr_line' id='line_1_26' title="bbox 151 1575 1127 1628; baseline 0 -14"><span class='ocrx_word' id='word_1_156' title='bbox 151 1575 195 1615; x_wconf 92' lang='lat' dir='ltr'>In</span> <span class='ocrx_word' id='word_1_157' title='bbox 225 1582 403 1615; x_wconf 88' lang='lat' dir='ltr'>nostrum</span> <span class='ocrx_word' id='word_1_158' title='bbox 436 1577 568 1614; x_wconf 87' lang='lat' dir='ltr'>cuncti</span> <span class='ocrx_word' id='word_1_159' title='bbox 599 1582 782 1628; x_wconf 88' lang='lat' dir='ltr'>tempus,</span> <span class='ocrx_word' id='word_1_160' title='bbox 815 1576 946 1615; x_wconf 85' lang='lat' dir='ltr'>adeste</span> <span class='ocrx_word' id='word_1_161' title='bbox 965 1607 976 1628; x_wconf 92' lang='lat'>,</span> <span class='ocrx_word' id='word_1_162' title='bbox 1008 1576 1127 1628; x_wconf 90' lang='lat' dir='ltr'>chao,</span> 
     </span>
     <span class='ocr_line' id='line_1_27' title="bbox 32 1634 1124 1685; baseline -0.002 -11"><span class='ocrx_word' id='word_1_163' title='bbox 32 1643 75 1674; x_wconf 82' lang='lat'>85</span> <span class='ocrx_word' id='word_1_164' title='bbox 96 1634 274 1674; x_wconf 89' lang='lat' dir='ltr'>Carmina</span> <span class='ocrx_word' id='word_1_165' title='bbox 305 1634 396 1672; x_wconf 92' lang='lat' dir='ltr'>dum</span> <span class='ocrx_word' id='word_1_166' title='bbox 429 1636 546 1685; x_wconf 86' lang='lat' dir='ltr'>capiti</span> <span class='ocrx_word' id='word_1_167' title='bbox 576 1634 674 1672; x_wconf 87' lang='lat' dir='ltr'>male</span> <span class='ocrx_word' id='word_1_168' title='bbox 707 1634 782 1672; x_wconf 88' lang='lat' dir='ltr'>fido</span> <span class='ocrx_word' id='word_1_169' title='bbox 815 1634 898 1672; x_wconf 90' lang='lat' dir='ltr'>dira</span> <span class='ocrx_word' id='word_1_170' title='bbox 930 1640 1124 1674; x_wconf 87' lang='lat' dir='ltr'>canuntur</span> 
     </span>
     <span class='ocr_line' id='line_1_28' title="bbox 152 1692 1035 1744; baseline 0 -14"><span class='ocrx_word' id='word_1_171' title='bbox 152 1692 202 1731; x_wconf 90' lang='lat' dir='ltr'>Et</span> <span class='ocrx_word' id='word_1_172' title='bbox 230 1698 422 1743; x_wconf 86' lang='lat' dir='ltr'>peragunt</span> <span class='ocrx_word' id='word_1_173' title='bbox 452 1698 582 1743; x_wconf 87' lang='lat' dir='ltr'>partes</span> <span class='ocrx_word' id='word_1_174' title='bbox 613 1694 671 1730; x_wconf 91' lang='lat' dir='ltr'>ira</span> <span class='ocrx_word' id='word_1_175' title='bbox 702 1692 890 1744; x_wconf 88' lang='lat' dir='ltr'>dolorque</span> <span class='ocrx_word' id='word_1_176' title='bbox 923 1704 1035 1731; x_wconf 89' lang='lat' dir='ltr'>suas.</span> 
     </span>
     <span class='ocr_line' id='line_1_29' title="bbox 94 1750 1287 1802; baseline 0 -13"><span class='ocrx_word' id='word_1_177' title='bbox 94 1750 261 1789; x_wconf 84' lang='lat' dir='ltr'>Adnuite</span> <span class='ocrx_word' id='word_1_178' title='bbox 293 1752 434 1801; x_wconf 88' lang='lat' dir='ltr'>optatis</span> <span class='ocrx_word' id='word_1_179' title='bbox 465 1763 600 1789; x_wconf 91' lang='lat' dir='ltr'>omnes</span> <span class='ocrx_word' id='word_1_180' title='bbox 632 1763 679 1789; x_wconf 82' lang='lat' dir='ltr'>ex</span> <span class='ocrx_word' id='word_1_181' title='bbox 710 1750 847 1789; x_wconf 89' lang='lat' dir='ltr'>ordine</span> <span class='ocrx_word' id='word_1_182' title='bbox 878 1752 1047 1802; x_wconf 88' lang='lat' dir='ltr'>nostris,</span> <span class='ocrx_word' id='word_1_183' title='bbox 1252 1754 1287 1785; x_wconf 85' lang='grc'>(5)</span> 
     </span>
     <span class='ocr_line' id='line_1_30' title="bbox 154 1807 954 1859; baseline 0.003 -13"><span class='ocrx_word' id='word_1_184' title='bbox 154 1807 204 1847; x_wconf 91' lang='lat' dir='ltr'>Et</span> <span class='ocrx_word' id='word_1_185' title='bbox 233 1820 323 1859; x_wconf 89' lang='lat' dir='ltr'>pars</span> <span class='ocrx_word' id='word_1_186' title='bbox 356 1810 405 1847; x_wconf 90' lang='lat' dir='ltr'>sit</span> <span class='ocrx_word' id='word_1_187' title='bbox 435 1810 513 1847; x_wconf 87' lang='lat' dir='ltr'>voti</span> <span class='ocrx_word' id='word_1_188' title='bbox 543 1808 647 1847; x_wconf 91' lang='lat' dir='ltr'>nulla</span> <span class='ocrx_word' id='word_1_189' title='bbox 679 1808 824 1847; x_wconf 89' lang='lat' dir='ltr'>caduca</span> <span class='ocrx_word' id='word_1_190' title='bbox 855 1810 954 1849; x_wconf 90' lang='lat' dir='ltr'>mei.</span> 
     </span>
     <span class='ocr_line' id='line_1_31' title="bbox 97 1866 1305 1919; baseline 0.001 -15"><span class='ocrx_word' id='word_1_191' title='bbox 97 1866 280 1917; x_wconf 85' lang='lat' dir='ltr'>Quaeque</span> <span class='ocrx_word' id='word_1_192' title='bbox 312 1879 481 1918; x_wconf 82' lang='lat' dir='ltr'>precor,</span> <span class='ocrx_word' id='word_1_193' title='bbox 512 1867 633 1906; x_wconf 90' lang='lat' dir='ltr'>fiant:</span> <span class='ocrx_word' id='word_1_194' title='bbox 679 1873 724 1906; x_wconf 86' lang='lat' dir='ltr'>ut</span> <span class='ocrx_word' id='word_1_195' title='bbox 754 1879 832 1905; x_wconf 90' lang='lat' dir='ltr'>non</span> <span class='ocrx_word' id='word_1_196' title='bbox 864 1879 949 1905; x_wconf 90' lang='lat' dir='ltr'>mea</span> <span class='ocrx_word' id='word_1_197' title='bbox 981 1866 1111 1919; x_wconf 88' lang='lat' dir='ltr'>dicta,</span> <span class='ocrx_word' id='word_1_198' title='bbox 1144 1867 1211 1906; x_wconf 94' lang='lat' dir='ltr'>sed</span> <span class='ocrx_word' id='word_1_199' title='bbox 1243 1867 1305 1906; x_wconf 90' lang='lat' dir='ltr'>illa</span> 
     </span>
     <span class='ocr_line' id='line_1_32' title="bbox 35 1924 996 1976; baseline 0.001 -14"><span class='ocrx_word' id='word_1_200' title='bbox 35 1933 79 1963; x_wconf 83' lang='grc'>90</span> <span class='ocrx_word' id='word_1_201' title='bbox 155 1924 362 1975; x_wconf 74' lang='lat' dir='ltr'>Pasiphaes</span> <span class='ocrx_word' id='word_1_202' title='bbox 394 1926 529 1976; x_wconf 86' lang='lat' dir='ltr'>generi</span> <span class='ocrx_word' id='word_1_203' title='bbox 560 1924 677 1963; x_wconf 86' lang='lat' dir='ltr'>verba</span> <span class='ocrx_word' id='word_1_204' title='bbox 708 1926 829 1964; x_wconf 83' lang='lat' dir='ltr'>fuisse</span> <span class='ocrx_word' id='word_1_205' title='bbox 861 1930 996 1976; x_wconf 91' lang='lat' dir='ltr'>putet.</span> 
     </span>
     <span class='ocr_line' id='line_1_33' title="bbox 96 1982 1217 2035; baseline 0 -14"><span class='ocrx_word' id='word_1_206' title='bbox 96 1982 276 2033; x_wconf 89' lang='lat' dir='ltr'>Quasque</span> <span class='ocrx_word' id='word_1_207' title='bbox 309 1995 378 2033; x_wconf 88' lang='lat' dir='ltr'>ego</span> <span class='ocrx_word' id='word_1_208' title='bbox 411 1984 603 2021; x_wconf 85' lang='lat' dir='ltr'>transiero</span> <span class='ocrx_word' id='word_1_209' title='bbox 634 1995 779 2034; x_wconf 91' lang='lat' dir='ltr'>poenas</span> <span class='ocrx_word' id='word_1_210' title='bbox 798 2014 809 2034; x_wconf 87' lang='lat'>,</span> <span class='ocrx_word' id='word_1_211' title='bbox 840 1985 1010 2034; x_wconf 88' lang='lat' dir='ltr'>patiatur</span> <span class='ocrx_word' id='word_1_212' title='bbox 1041 1988 1080 2022; x_wconf 92' lang='lat' dir='ltr'>et</span> <span class='ocrx_word' id='word_1_213' title='bbox 1110 1982 1217 2035; x_wconf 82' lang='lat' dir='ltr'>illas3</span> 
     </span>
     <span class='ocr_line' id='line_1_34' title="bbox 153 2040 965 2091; baseline 0 -12"><span class='ocrx_word' id='word_1_214' title='bbox 153 2040 311 2079; x_wconf 89' lang='lat' dir='ltr'>Plenius</span> <span class='ocrx_word' id='word_1_215' title='bbox 341 2042 496 2091; x_wconf 89' lang='lat' dir='ltr'>ingenio</span> <span class='ocrx_word' id='word_1_216' title='bbox 529 2042 580 2080; x_wconf 86' lang='lat' dir='ltr'>sit</span> <span class='ocrx_word' id='word_1_217' title='bbox 610 2043 729 2079; x_wconf 90' lang='lat' dir='ltr'>miser</span> <span class='ocrx_word' id='word_1_218' title='bbox 761 2041 823 2080; x_wconf 88' lang='lat' dir='ltr'>ille</span> <span class='ocrx_word' id='word_1_219' title='bbox 858 2040 965 2079; x_wconf 80' lang='lat' dir='ltr'>meo!</span> 
     </span>
     <span class='ocr_line' id='line_1_35' title="bbox 95 2097 1147 2138; baseline 0 -2"><span class='ocrx_word' id='word_1_220' title='bbox 95 2097 199 2136; x_wconf 92' lang='lat' dir='ltr'>Neve</span> <span class='ocrx_word' id='word_1_221' title='bbox 231 2099 360 2137; x_wconf 88' lang='lat' dir='ltr'>minus</span> <span class='ocrx_word' id='word_1_222' title='bbox 391 2105 557 2137; x_wconf 87' lang='lat' dir='ltr'>noceant</span> <span class='ocrx_word' id='word_1_223' title='bbox 588 2100 721 2138; x_wconf 88' lang='lat' dir='ltr'>fictum</span> <span class='ocrx_word' id='word_1_224' title='bbox 754 2100 974 2138; x_wconf 82' lang='lat' dir='ltr'>execrantia</span> <span class='ocrx_word' id='word_1_225' title='bbox 1005 2111 1147 2137; x_wconf 90' lang='lat' dir='ltr'>nomen</span> 
     </span>
     <span class='ocr_line' id='line_1_36' title="bbox 154 2155 1117 2208; baseline 0.001 -14"><span class='ocrx_word' id='word_1_226' title='bbox 154 2155 272 2208; x_wconf 85' lang='lat' dir='ltr'>Vota,</span> <span class='ocrx_word' id='word_1_227' title='bbox 305 2158 431 2195; x_wconf 89' lang='lat' dir='ltr'>minus</span> <span class='ocrx_word' id='word_1_228' title='bbox 463 2169 622 2208; x_wconf 87' lang='lat' dir='ltr'>magnos</span> <span class='ocrx_word' id='word_1_229' title='bbox 655 2163 968 2196; x_wconf 89' lang='lat' dir='ltr'>commoveantve</span> <span class='ocrx_word' id='word_1_230' title='bbox 1000 2156 1117 2195; x_wconf 87' lang='lat' dir='ltr'>deos:</span> 
     </span>
     <span class='ocr_line' id='line_1_37' title="bbox 35 2213 1232 2267; baseline 0.001 -15"><span class='ocrx_word' id='word_1_231' title='bbox 35 2221 77 2252; x_wconf 88' lang='grc'>95</span> <span class='ocrx_word' id='word_1_232' title='bbox 110 2213 221 2252; x_wconf 89' lang='lat' dir='ltr'>Illum</span> <span class='ocrx_word' id='word_1_233' title='bbox 253 2226 323 2265; x_wconf 90' lang='lat' dir='ltr'>ego</span> <span class='ocrx_word' id='word_1_234' title='bbox 356 2215 552 2267; x_wconf 86' lang='lat' dir='ltr'>devoveo,</span> <span class='ocrx_word' id='word_1_235' title='bbox 585 2227 702 2266; x_wconf 89' lang='lat' dir='ltr'>quem</span> <span class='ocrx_word' id='word_1_236' title='bbox 733 2226 843 2254; x_wconf 89' lang='lat' dir='ltr'>mens</span> <span class='ocrx_word' id='word_1_237' title='bbox 874 2214 1092 2267; x_wconf 84' lang='lat' dir='ltr'>intellegit,</span> <span class='ocrx_word' id='word_1_238' title='bbox 1123 2213 1232 2267; x_wconf 90' lang='lat' dir='ltr'>Ibin,</span> 
     </span>
     <span class='ocr_line' id='line_1_38' title="bbox 156 2271 1066 2324; baseline 0.001 -14"><span class='ocrx_word' id='word_1_239' title='bbox 156 2271 230 2317; x_wconf 92' lang='lat' dir='ltr'>Qui</span> <span class='ocrx_word' id='word_1_240' title='bbox 262 2273 334 2311; x_wconf 86' lang='lat' dir='ltr'>scit</span> <span class='ocrx_word' id='word_1_241' title='bbox 365 2284 407 2311; x_wconf 92' lang='lat' dir='ltr'>se</span> <span class='ocrx_word' id='word_1_242' title='bbox 439 2274 550 2312; x_wconf 86' lang='lat' dir='ltr'>factis</span> <span class='ocrx_word' id='word_1_243' title='bbox 581 2273 650 2312; x_wconf 93' lang='lat' dir='ltr'>has</span> <span class='ocrx_word' id='word_1_244' title='bbox 681 2274 874 2312; x_wconf 89' lang='lat' dir='ltr'>meruisse</span> <span class='ocrx_word' id='word_1_245' title='bbox 904 2284 1066 2324; x_wconf 82' lang='lat' dir='ltr'>preces,</span> 
     </span>
    </p>
   </div>
  </div>
 </body>
</html>
