1601 2484
229 71 285 112 60
782 72 1008 104 TRISTIUM

346 180 501 219 Certius
532 191 553 217 a
584 190 733 217 summa
765 190 905 216 nomen
937 178 1080 217 habere
1113 191 1252 217 manu.

345 238 457 276 Nunc
488 239 754 275 incorrectum
784 236 918 286 populi
949 238 1126 287 pervenit
1155 238 1195 275 in
1227 248 1316 288 ora,

346 296 390 333 In
422 295 556 345 populi
588 296 795 344 quicquam
827 295 859 332 si
891 299 1020 333 tamen
1052 306 1118 333 ore
1150 296 1227 332 mei
1260 300 1342 333 est.

282 361 325 392 25
346 353 428 391 Hoc
461 364 615 403 quoque
648 353 781 390 nescio
815 351 906 401 quid
938 354 1082 391 nostris
1115 364 1265 402 appone
1297 351 1458 402 libellis,

346 410 506 449 D1verso
540 411 702 448 missum
736 410 838 460 quod
871 409 942 448 tibi
973 410 1019 448 ab
1052 410 1145 448 orbe
1178 411 1303 449 venit.

348 468 460 514 Quod
498 469 733 518 quicumque
772 467 902 520 leget,
937 488 986 495 -
1028 469 1061 506 si
1098 469 1185 518 quis
1223 467 1324 518 leget
1357 488 1407 495 -
1447 468 1560 506 aesti-

906 531 986 564 met
1018 531 1104 564 ante
1124 557 1135 577 ‚

350 584 617 635 compositum
650 596 726 635 quo
759 585 809 622 sit
840 590 1015 635 tempore
1047 596 1201 635 quoque
1233 583 1340 622 loco.

347 644 506 693 Aequus
539 644 614 680 erit
646 643 802 692 scriptis
822 673 832 692 ,
865 654 1031 692 quorum
1063 643 1288 692 cognoverit
1319 653 1405 680 esse

285 709 328 739 30
348 700 518 739 Exilium
549 707 702 750 tempus
734 699 1030 750 barbariamque
1062 699 1213 738 locum:

349 759 471 809 Inque
503 764 562 797 tot
593 758 765 796 adversis
797 769 953 796 carmen
986 757 1191 796 mirabitur
1223 757 1344 796 ullum

350 817 501 855 Ducere
533 828 595 855 me
627 817 731 854 tristi
763 817 997 854 sustinuisse
1029 827 1168 854 manu.

351 875 555 925 Ingenium
587 875 738 924 fregere
770 885 901 912 meum
933 873 1054 924 mala,
1086 874 1198 912 cuius
1224 878 1262 911 et
1294 878 1381 912 aute

349 933 451 971 Fons
482 932 716 970 infecundus
746 943 940 982 parvaque
973 943 1068 970 vena
1100 932 1194 969 suit.

286 999 329 1030 35
354 991 429 1029 Sed
463 1002 730 1041 quaecumque
763 991 865 1040 suit,
897 989 1001 1028 nullo
1035 994 1241 1028 exercente
1272 990 1439 1041 refugit,

350 1049 399 1087 Et
429 1049 544 1098 longo
576 1050 693 1099 periit
723 1048 828 1086 arida
860 1048 958 1086 sacta
991 1049 1091 1086 situ.

350 1107 436 1145 Non
468 1106 531 1144 hic
563 1106 751 1144 librorum
770 1136 781 1157 ‚
813 1117 883 1156 per
915 1118 1013 1156 quos
1045 1107 1186 1144 inviter
1217 1105 1398 1158 alarque,

352 1165 500 1215 Copia:
533 1176 603 1214 pro
635 1163 745 1202 libris
777 1175 891 1201 arcus
923 1171 962 1201 et
993 1175 1098 1202 arma
1130 1169 1291 1203 sonant.

351 1222 489 1261 Nullus
521 1223 561 1260 in
593 1221 664 1259 hac
696 1226 800 1259 terra
819 1253 830 1272 ,
861 1222 1022 1259 recitem
1055 1222 1088 1259 si
1119 1222 1312 1273 carmina,
1344 1223 1456 1261 cuius

286 1280 612 1319 401ntellecturis
644 1279 805 1318 auribus
837 1284 952 1331 utar,
985 1279 1116 1318 adest.

351 1338 431 1377 Nec
464 1350 540 1388 quo
573 1338 751 1376 secedam
770 1369 781 1389 ‚
812 1337 922 1376 locus
954 1343 1041 1377 est:
1074 1337 1249 1376 custodia
1280 1339 1383 1376 muri

354 1397 579 1435 Summovet
610 1397 774 1434 infestos
807 1395 1013 1446 clausaque
1045 1401 1157 1446 porta
1189 1395 1325 1434 Getas.

353 1455 476 1505 Saepe
509 1454 663 1504 aliquod
697 1465 839 1504 quaero
867 1453 1028 1492 verbum
1060 1465 1279 1504 nomenque
1312 1454 1541 1507 locumque,

351 1513 431 1551 Nec
464 1514 670 1563 quisquam
703 1517 790 1562 est,
824 1523 843 1550 a
877 1524 952 1561 quo
985 1513 1129 1550 certior
1161 1523 1246 1550 esse
1279 1524 1439 1562 queam.

288 1579 332 1610 45
353 1571 490 1609 Dicere
523 1582 636 1620 saepe
669 1569 813 1620 aliquid
846 1571 1002 1608 conanti
1025 1591 1073 1597 —
1109 1576 1222 1620 turpe
1257 1570 1390 1610 fateri!
1419 1591 1468 1598 -

353 1628 477 1667 Verba
509 1628 604 1666 milii
635 1628 804 1679 desunt,
837 1627 1084 1679 dedidicique
1115 1627 1244 1679 loqui.

353 1687 535 1726 Threicio
568 1686 826 1736 Scythicoque
858 1686 940 1724 sere
973 1687 1242 1725 circumsonor
1273 1698 1364 1739 ore,

352 1745 402 1783 Et
432 1745 566 1783 videor
598 1744 744 1782 Geticis
777 1743 949 1782 scribere
981 1756 1097 1795 posse
1128 1744 1276 1783 modis:

354 1803 476 1842 Crede
508 1802 632 1854 mihi,
665 1804 781 1840 timeo
801 1834 811 1853 ‚
843 1814 891 1840 ne
924 1803 1002 1841 sint
1031 1804 1192 1841 inmixta
1222 1802 1370 1841 Latinis

290 1870 333 1901 50
354 1861 476 1912 Inque
508 1861 604 1898 meis
637 1861 793 1910 scriptis
825 1860 985 1899 Pontica
1017 1860 1133 1899 verba
1164 1860 1290 1911 legas.

355 1919 685 1969 Qualeincumque
716 1920 835 1969 igitur
866 1920 977 1956 venia
1009 1918 1168 1969 dignare
1199 1918 1395 1971 libellum,

356 1977 482 2017 Sortis
513 1982 552 2016 et
583 1987 725 2015 excusa
757 1976 983 2015 condicione
1015 1989 1134 2017 meae.
