1575 2489
175 93 257 134 182
713 92 777 123 EX
801 91 957 123 PONTO

226 211 270 241 45
290 201 375 253 Ipse
409 212 479 251 ego
512 199 616 250 quod
647 200 773 249 primo
806 200 946 249 scripsi
978 200 1060 237 sine
1093 199 1250 236 nomine
1283 197 1414 249 vobis,

348 258 420 296 Vix
452 259 632 296 excusari
663 269 777 308 posse
809 256 905 295 mihi
935 257 1095 295 videor.

294 316 370 355 Sed
403 328 522 367 pavor
554 317 718 354 attonito
750 316 913 353 rationis
944 315 1141 353 ademerat
1171 325 1310 365 usum,

351 374 531 413 Cesserat
563 385 676 411 omne
708 374 818 411 novis
849 373 1134 423 consiliumque
1166 372 1299 411 malis.

291 432 582 482 Fortunamque
610 443 735 470 meam
761 437 940 470 metuens
958 462 969 482 ,
1001 443 1079 469 non
1111 430 1274 469 vindicis
1306 431 1429 482 iram,
1449 438 1505 471 (99)

229 499 272 530 50
353 489 548 528 Terrebar
579 490 692 528 titulo
724 491 892 527 nominis
923 491 1007 540 ipse
1038 491 1136 527 mei.

292 548 489 587 Hactenus
523 547 743 586 admonitus
775 549 940 586 memori
972 547 1142 586 concede
1174 552 1337 598 poetae,

350 607 473 645 Ponat
503 613 547 645 ut
578 608 618 644 in
650 606 794 644 chartis
826 607 982 644 nomina
1013 617 1101 644 cara
1132 607 1237 644 suis.

292 666 423 715 Turpe
457 666 532 702 erit
564 664 752 702 ambobus
771 696 781 715 ,
813 663 927 714 longo
961 663 1054 702 mihi
1085 665 1286 714 proximus
1318 675 1392 702 usu

352 723 392 761 Si
424 722 529 761 nulla
560 722 649 761 libri
681 729 791 772 parte
825 721 955 772 legere
987 723 1086 760 mei.

230 790 272 820 55
293 782 349 820 Ne
381 788 511 820 tamen
542 783 616 819 iste
648 787 776 819 metus
809 792 965 818 somnos
997 779 1068 818 tibi
1099 791 1282 830 rumpere
1314 780 1460 830 possit,

350 839 437 877 Non
469 839 570 878 ultra
590 871 600 890 ,
632 851 747 889 quam
780 840 836 877 vis
855 870 866 891 ,
898 838 1096 876 officiosus
1129 849 1227 889 ero;

293 898 426 948 Teque
459 904 586 948 tegam
605 929 615 949 ,
649 899 716 948 qui
747 898 801 935 sis
822 927 831 936 .
885 898 962 935 nisi
993 908 1082 935 cum
1114 897 1338 946 permiserit
1369 897 1478 947 ipse,

353 955 521 1006 Cogetur
554 967 667 993 nemo
700 967 843 994 munus
874 954 1018 993 habere
1051 966 1203 993 meum.

292 1014 351 1052 Tu
384 1014 528 1066 mod0,
561 1025 677 1064 quem
709 1020 865 1064 poteras
898 1012 958 1051 vel
990 1019 1123 1063 aperte
1156 1018 1264 1050 tutus
1297 1024 1448 1063 amare,

229 1081 272 1112 60
353 1071 394 1110 Si
424 1084 488 1110 res
521 1078 580 1110 est
612 1083 755 1122 anceps
786 1074 889 1123 ista,
920 1071 1086 1109 latenter
1118 1083 1225 1109 ama.

792 1199 895 1245 VII.

294 1305 418 1344 Verba
450 1305 544 1344 mihi
577 1305 720 1344 desunt
752 1304 886 1343 eadem
917 1310 994 1342 tam
1028 1315 1142 1354 saepe
1174 1305 1350 1355 roganti,

353 1364 511 1415 Iamque
543 1363 665 1416 pudet
698 1375 812 1401 vanas
845 1363 920 1401 fine
954 1375 1088 1401 carere
1121 1374 1280 1413 preces.

295 1422 437 1461 Taedia
470 1422 662 1460 consimili
694 1422 779 1460 fieri
811 1421 857 1459 de
891 1422 1061 1459 carmine
1094 1420 1229 1472 vobis,

354 1480 534 1531 Quidque
568 1487 725 1531 petam,
759 1486 922 1518 cunctos
955 1479 1160 1517 edidicisse
1192 1490 1303 1516 reor.

255 1548 275 1577 5
296 1539 515 1589 Nostraque
555 1539 648 1589 quid
681 1545 811 1588 portet
849 1539 924 1575 iam
957 1539 1079 1575 nostis
1112 1535 1304 1588 epistula,
1337 1538 1510 1587 quamvis

355 1596 496 1635 Charta
529 1598 579 1635 sit
611 1609 631 1634 a
663 1596 799 1634 vinclis
831 1608 908 1634 non
941 1595 1128 1633 labefacta
1161 1596 1264 1633 suis.

296 1655 398 1705 Ergo
431 1661 606 1694 mutetur
638 1656 775 1705 scripti
807 1655 999 1693 sententia
1032 1654 1179 1704 nostri,

353 1712 410 1751 Ne
443 1715 586 1752 totiens
618 1720 754 1751 contra
773 1744 783 1764 ,
817 1725 932 1763 quam
963 1713 1066 1762 rapit
1097 1712 1249 1763 amnis,
1281 1722 1387 1750 eam.

297 1772 408 1817 Quod
441 1771 540 1810 bene
573 1771 620 1809 de
653 1771 761 1809 vobis
794 1772 975 1822 speravi,
1007 1772 1226 1821 ignoscite,
1259 1771 1394 1808 amici:

235 1839 276 1869 10
356 1830 462 1868 Talia
493 1830 681 1880 peccandi
712 1831 788 1868 iam
820 1829 914 1868 mihi
946 1829 1033 1867 finis
1066 1830 1164 1867 erit.

298 1888 375 1926 Nec
408 1889 536 1939 gravis
568 1890 681 1926 uxori
714 1888 821 1926 dicar
841 1919 849 1926 .
907 1899 1005 1938 quae
1038 1886 1186 1925 scilicet
1217 1887 1256 1924 in
1289 1898 1350 1924 me
1439 1894 1512 1927 (100)

357 1946 482 1992 Quam
519 1946 670 1998 proba,
709 1952 787 1985 tam
819 1945 953 1985 timida
985 1952 1073 1996 est,
1112 1946 1394 1995 experiensque

1022 2015 1182 2054 parum.

297 2062 379 2102 Hoc
413 2075 598 2114 quoque,
631 2063 760 2114 Naso,
792 2063 926 2113 feres,
959 2068 998 2100 et
1029 2063 1132 2100 enim
1163 2062 1296 2112 peiora
1327 2061 1473 2100 tulisti.

358 2121 436 2160 lam
469 2121 540 2160 tibi
572 2123 709 2160 sentiri
742 2122 894 2160 sarcina
926 2119 1030 2158 nulla
1062 2126 1214 2170 potest.

237 2188 277 2217 15
298 2179 446 2218 Ductus
479 2180 525 2218 ab
558 2187 734 2218 armento
766 2186 903 2218 taurus
935 2178 1127 2216 detrectat
1158 2183 1354 2229 aratrum,

359 2237 561 2277 Subtrahit
594 2246 632 2277 et
664 2239 762 2277 duro
795 2237 892 2275 colla
924 2236 1074 2275 novella
1105 2238 1219 2287 iugo.

297 2296 406 2348 Nos,
439 2297 581 2347 quibus
615 2296 792 2336 adsuevit
823 2296 944 2334 fatum
977 2294 1190 2334 crudeliter
1225 2296 1302 2346 uti,
