1575 2489
522 77 582 109 IV.
608 84 701 110 vnn
721 80 819 110 9—x
838 79 893 110 46.
1321 76 1372 116 77

98 193 140 223 10
161 184 236 230 Qui
266 183 392 223 tribus
424 188 512 222 ante
545 188 683 235 quater
715 183 915 223 mensibus
947 190 1057 223 ortus
1089 191 1198 224 erat.

159 242 315 281 Lucifer
346 241 549 280 amborum
580 241 772 280 natalibus
803 244 913 282 affuit
944 243 1070 295 idem3

161 300 244 338 Una
275 299 468 339 celebrata
500 305 560 338 est
589 312 660 351 per
692 300 768 339 duo
801 300 877 339 liba
909 300 1015 340 dies:

161 357 264 397 Haec
296 363 355 397 est
386 358 591 396 armiferae
623 359 733 397 festis
766 358 813 397 de
845 360 1019 410 quinque
1051 358 1271 412 Minervae,

162 415 267 461 Quae
299 417 384 454 fieri
414 428 544 467 pugna
574 417 698 467 prima
730 424 892 456 eruenta
924 418 1045 456 solet.

101 483 141 513 15
162 474 345 513 Protinus
377 474 592 513 excolimur
624 476 779 527 teneri,
812 487 984 527 curaque
1015 478 1190 527 parentis

162 532 266 571 Imus
299 532 345 571 ad
376 534 549 583 insignes
582 532 697 572 Urbis
730 532 777 572 ab
810 539 892 573 arte
925 535 1051 572 viros.

163 590 298 629 Frater
329 590 376 629 ad
408 591 608 642 eloquium
638 591 752 630 viridi
784 591 970 630 tendebat
1001 591 1048 630 ab
1081 604 1200 644 aem,

162 649 292 687 Fortia
322 648 479 687 verbosi
510 654 624 688 natus
656 649 701 688 ad
735 661 840 688 arma
871 651 971 701 fori3

162 707 210 746 At
241 707 334 745 mibi
365 708 441 745 iam
471 719 594 758 puero
627 707 807 746 caelestia
839 719 949 746 sacra
980 707 1211 759 placebant,

99 773 142 804 20
163 765 283 816 Inque
316 777 431 804 suum
462 766 599 804 furtim
629 765 738 804 Musa
770 765 947 804 trahebat
979 777 1076 816 opus
1097 796 1106 805 .

165 823 288 874 Saepe
319 829 430 874 pater
462 823 559 862 dixit
592 821 788 862 ‘Studium
821 823 914 874 quid
946 823 1084 862 inutile
1116 821 1319 875 temptas?

163 881 384 920 Maeonides
416 881 541 920 nullas
572 883 655 933 ipse
688 881 847 933 reliquit
878 879 999 932 opes.'

163 939 291 978 Motus
323 951 429 978 eram
461 939 574 979 dictis
592 971 603 992 ,
634 944 796 991 totoque
828 939 1015 979 Helicone
1046 940 1183 979 relicto

166 997 346 1036 Scribere
378 997 614 1049 temptabam
644 997 761 1036 verba
794 997 919 1037 soluta
951 998 1098 1037 modis.

102 1064 144 1095 25
167 1056 312 1107 Sponte
345 1068 414 1094 sua
446 1068 602 1095 carmen
634 1068 820 1095 numeros
851 1056 1031 1096 veniebat
1062 1056 1108 1095 ad
1141 1062 1274 1109 aptos,

164 1114 214 1153 Et
245 1114 348 1165 quod
380 1114 615 1166 temptabam
647 1114 819 1153 scribere
839 1146 850 1166 ,
881 1127 1018 1154 versus
1051 1120 1157 1154 erat.

168 1173 321 1211 Interea
352 1174 469 1211 tacito
502 1184 620 1223 passu
651 1172 873 1212 labentibus
906 1175 1016 1212 annis

166 1230 343 1269 Liberior
375 1231 486 1269 fratri
517 1236 671 1282 sumpta
701 1231 874 1282 mihique
904 1237 995 1282 toga
1026 1238 1110 1283 est,

166 1289 424 1340 Induiturque
457 1290 604 1328 umeris
636 1301 724 1328 cum
756 1289 831 1328 lato
864 1302 1038 1341 purpura
1070 1289 1199 1342 clavo,

105 1357 149 1387 30
169 1347 218 1386 Et
249 1347 422 1386 studium
454 1347 566 1386 nobis
585 1378 596 1399 ,
628 1347 732 1399 quod
763 1348 837 1386 suit
868 1353 955 1386 ante
974 1379 985 1400 ‚
1017 1354 1169 1387 manet.

166 1406 324 1456 Iamque
356 1405 490 1444 decem
523 1407 622 1444 vitae
654 1407 775 1445 frater
807 1407 1069 1457 geminaverat
1100 1418 1246 1458 annos,

170 1465 267 1503 Cum
297 1465 428 1515 perit,
462 1470 500 1502 et
531 1465 643 1515 coepi
673 1469 783 1516 parte
816 1476 950 1503 carere
982 1466 1081 1504 mei.

169 1522 351 1573 Cepimus
382 1528 422 1560 et
453 1527 611 1561 tenerae
642 1524 790 1573 prImos
822 1524 957 1562 aetatis
989 1522 1182 1575 bonores,

168 1581 277 1632 Eque
309 1581 402 1619 viris
434 1580 627 1631 quondam
659 1592 749 1632 pars
781 1580 909 1620 tribus
941 1592 1018 1620 una
1050 1581 1129 1620 fui.

106 1648 149 1679 35
171 1639 285 1678 Curia
316 1638 515 1678 restabat.
566 1639 662 1678 clavi
693 1651 877 1679 mensura
909 1645 1042 1678 coacta
1073 1646 1156 1679 est:

169 1697 291 1736 Maius
323 1703 407 1736 erat
437 1698 584 1736 nostris
615 1697 764 1737 viribus
796 1697 891 1737 illud
923 1710 1046 1737 onus.

169 1755 248 1795 Nec
279 1757 430 1807 patiens
462 1768 605 1807 corpus
623 1786 634 1808 ‚
665 1768 738 1795 nec
770 1768 881 1795 mens
913 1757 987 1795 fuit
1017 1762 1105 1808 apta
1137 1756 1284 1809 labori,

172 1814 443 1865 Sollicitaeque
476 1815 591 1865 fugax
623 1814 844 1854 ambitionis
877 1826 1008 1867 eram,

170 1872 220 1912 Et
248 1878 384 1925 petere
415 1872 560 1911 Aoniae
593 1872 808 1912 suadebant
839 1878 923 1913 tuta
954 1885 1111 1912 sorores

107 1939 151 1970 40
173 1930 287 1983 Otia,
318 1931 462 1970 iudicio
495 1943 650 1983 semper
681 1937 805 1971 amata
836 1943 946 1972 meo,

171 1989 375 2041 Temporis
406 1989 511 2029 illius
542 1990 644 2029 colui
675 1990 831 2042 fovique
862 1996 1023 2043 poetas,

173 2047 353 2099 Quotque
384 2048 544 2088 aderant
574 2053 710 2100 vates,
742 2048 858 2088 rebar
889 2049 1024 2088 adesse
1057 2048 1174 2087 deos.

175 2106 297 2157 Saepe
329 2118 419 2146 suas
450 2106 628 2146 volucres
660 2107 754 2159 legit
785 2107 880 2146 mihi
911 2106 1096 2158 grandior
1128 2118 1245 2157 aevo,

174 2164 358 2216 Quaeque
390 2171 505 2205 nocet
537 2177 700 2217 serpens
719 2197 730 2217 ‚
762 2177 861 2217 quae
893 2167 999 2204 iuvat
1029 2164 1180 2217 herba,
1211 2164 1361 2204 Macer.

111 2229 154 2260 45
177 2222 298 2274 Saepe
333 2235 424 2262 suos
456 2223 594 2263 solitus
625 2225 792 2263 recitare
824 2223 1054 2275 Propertius
1086 2224 1196 2275 ignes

174 2280 262 2320 Iure
295 2280 491 2334 sodalitii,
524 2295 600 2334 quo
632 2282 727 2321 mihi
758 2284 916 2321 iunctus
949 2287 1054 2322 erat.
