1575 2489
624 61 684 93 Π.
710 63 904 95 326—397.
1343 59 1428 101 343

272 170 370 220 Spes
402 175 485 208 erat
515 170 555 207 in
587 180 735 207 cursu.
791 180 896 207 nunc
928 168 1007 207 lare
1039 168 1152 219 pulsa
1184 181 1254 208 suo
1287 175 1368 209 est.

213 227 388 267 Vidimus
420 232 578 266 ornatos
610 232 758 266 sacrata
790 238 860 277 per
893 228 989 265 atria
1020 228 1123 278 picta

271 285 385 325 Veste
418 285 673 337 triumphales
705 284 937 324 occubuisse
970 297 1106 324 seneS.

125 352 191 384 365
212 344 387 383 Vidimus
419 343 555 382 Iliacae
588 344 793 383 transferri
825 345 988 394 pignora
1019 342 1156 382 Vestae

272 402 401 441 Sede.
456 407 595 453 putant
626 402 775 453 aliquos
808 402 958 441 scilicet
988 414 1074 441 esse
1107 402 1223 441 deos.

212 461 261 500 At
293 462 325 499 si
356 461 629 511 respicerent,
661 472 735 511 qua
766 472 833 498 vos
865 460 1048 499 habitatis
1080 461 1119 498 in
1152 471 1265 511 arce,

271 519 423 570 Totque
457 519 592 557 domos
624 524 773 557 vestras
806 518 1007 557 obsidione
1039 519 1188 569 premi,

212 577 274 616 Nil
306 579 391 629 opis
422 578 462 615 in
496 589 589 615 cura
620 578 767 616 scirent
799 589 1006 628 superesse
1039 577 1226 627 deorum,

124 644 191 675 370
271 635 320 675 Et
351 635 438 674 data
470 635 635 674 sollicita
666 641 753 674 tura
784 637 914 686 perire
947 647 1085 674 manu.

213 694 339 744 Atque
371 695 519 733 utinam
550 706 703 745 pugnae
734 699 863 745 pateat
893 693 1031 733 locus!
1064 705 1170 732 arma
1202 698 1428 744 capessant,

272 752 350 804 Et,
382 753 415 790 si
447 764 523 790 non
556 758 744 802 poterunt
776 764 1041 804 exsuperare,
1073 751 1234 791 cadant.

212 810 325 849 Nunc
357 811 494 862 inopes
526 812 651 849 victus
683 812 896 861 ignavaque
929 811 1005 849 sata
1036 811 1218 849 timentes

270 869 400 908 Monte
433 881 503 907 suo
537 868 688 907 clausos
720 868 882 907 barbara
915 868 1028 907 turba
1060 864 1247 918 premit.'

125 935 192 967 375
213 928 324 966 Tunc
355 926 485 966 Venus
518 932 557 965 et
586 926 682 965 lituo
715 926 878 977 pulcher
910 926 1121 977 trabeaque
1155 925 1342 971 Quirinus

272 985 464 1035 Vestaque
496 996 567 1036 pro
600 984 708 1023 Latio
741 984 860 1023 multa
892 984 1021 1023 locuta
1053 996 1123 1023 suo
1157 989 1238 1022 est.

213 1040 414 1082 ‘Publica'
447 1043 650 1093 respondit
682 1039 797 1082 ‘cura
830 1049 890 1081 est
920 1055 990 1094 pro
1024 1041 1228 1081 moenibus
1260 1038 1391 1081 istis.'

271 1102 445 1152 Iuppiter
478 1099 538 1140 eet
568 1113 713 1152 poenas
746 1101 864 1140 Gallia
896 1103 996 1140 vieta
1028 1100 1155 1140 dabit.

213 1160 272 1199 Tu
305 1159 418 1198 modo
452 1172 549 1210 quae
582 1159 724 1199 desunt
756 1160 917 1211 fruges,
950 1171 1156 1211 superesse
1188 1163 1401 1210 putentur,

126 1226 193 1258 380
273 1217 423 1269 Effice,
458 1230 530 1257 nec
562 1217 675 1257 deses
708 1218 845 1256 desere
865 1249 875 1269 ‚
907 1217 1050 1270 Vesta,
1083 1223 1196 1257 tuos.

214 1277 497 1328 Quodcumque
530 1282 590 1315 est
622 1276 765 1315 solidae
799 1276 981 1327 Cereris,
1014 1288 1104 1315 cava
1137 1274 1313 1315 machina

941 1335 1113 1387 frangat,

272 1393 534 1445 Mollitamque
566 1405 682 1432 manu
715 1393 830 1432 duret
861 1395 899 1431 in
932 1394 1022 1444 igne
1053 1389 1209 1432 focus.'

214 1452 385 1490 Iusserat
403 1483 413 1504 ‚
446 1458 484 1491 et
516 1452 646 1490 fratris
678 1453 784 1502 virgo
819 1452 1000 1490 Saturnia
1031 1453 1149 1490 iussis

273 1511 448 1562 Annuit,
481 1516 519 1549 et
550 1510 698 1548 mediae
731 1516 905 1561 tempora
938 1511 1064 1549 noctis
1097 1516 1231 1562 erant3

126 1577 193 1609 385
214 1568 292 1607 lam
325 1568 491 1608 ducibus
523 1580 703 1607 somnum
736 1568 896 1607 dederat
927 1568 1062 1607 labor.
1120 1569 1296 1619 increpat
1327 1566 1411 1606 illos

272 1627 447 1678 Iuppiter
480 1632 518 1665 et
549 1638 689 1678 sacro,
723 1626 814 1677 quid
848 1626 967 1678 velit,
999 1637 1066 1665 ore
1099 1626 1237 1665 docet:

214 1681 424 1737 ‘Surgite‚
457 1691 495 1724 et
526 1687 565 1723 in
598 1685 746 1724 medios
779 1685 826 1723 de
860 1686 1021 1724 summis
1053 1684 1209 1724 arcibus
1241 1684 1375 1723 hostes

274 1743 443 1795 Mittite,
476 1755 591 1794 quam
624 1745 780 1781 minime
813 1743 979 1794 perdere
1012 1743 1156 1795 vultis,
1189 1739 1347 1794 opeml'

216 1802 385 1841 Somnus
417 1801 523 1850 abit,
558 1807 829 1852 quaeruntque
862 1803 972 1840 novis
1004 1801 1231 1853 ambagibus
1262 1803 1360 1853 acti,

128 1869 195 1901 390
274 1860 444 1899 Perdere
478 1872 593 1911 quam
625 1859 750 1898 nolint
781 1865 820 1898 et
850 1859 1060 1898 iubeantur
1091 1872 1227 1911 opem.

214 1918 310 1958 Esse
344 1918 462 1957 Ceres
495 1920 573 1957 visa
606 1924 693 1957 est.
749 1919 895 1957 iaciunt
927 1917 1088 1957 Cerialia
1121 1918 1243 1970 dona,

274 1977 375 2016 lacta
408 1989 526 2029 super
558 1977 685 2028 galeas
717 1982 905 2027 scutaque
937 1976 1050 2027 longa
1082 1981 1244 2016 sonant.

214 2036 334 2076 Posse
369 2036 467 2075 same
501 2037 600 2074 vinci
633 2047 722 2086 spes
755 2035 925 2074 excidit.
981 2034 1092 2074 hoste
1125 2034 1282 2086 repulso

274 2094 444 2134 Candida
475 2094 618 2133 Pistori
649 2095 808 2145 ponitur
840 2105 904 2132 ara
936 2093 1036 2132 Iovi.

128 2161 195 2193 395
216 2153 333 2192 Forte
364 2152 590 2192 revertebar
622 2152 732 2191 festis
763 2151 981 2191 Vestalibus
1013 2151 1098 2204 illa,

274 2211 358 2258 Qua
390 2212 495 2250 Nova
526 2211 698 2250 Romano
732 2223 835 2250 nunc
868 2212 927 2249 via
958 2212 1091 2249 iuncta
1123 2211 1207 2249 foro
1240 2217 1322 2250 est.

214 2270 300 2309 Huc
331 2269 430 2322 pede
462 2276 678 2309 matronam
710 2269 787 2308 vidi
820 2269 1058 2308 descendere
1091 2269 1219 2310 nudo:
