1575 2489
176 89 260 130 256
714 91 967 123 FASTORUM

353 197 428 236 Sed
461 204 590 236 tamen
622 209 642 236 a
675 204 789 236 vento
809 229 819 249 ,
852 199 918 247 qui
950 198 1050 248 suit,
1081 198 1182 236 unda
1216 203 1362 247 tumet,

296 255 388 305 Sic,
422 257 595 305 quamvis
627 255 761 310 aberat
791 255 953 306 placitae
985 258 1203 306 praesentia
1236 256 1404 305 formae,

353 313 477 358 Quem
509 312 669 351 dederat
699 325 884 363 praesens
916 314 1038 352 forma
1057 345 1067 363 ,
1098 313 1277 352 manebat
1309 324 1438 351 amor.

294 370 442 421 Ardet,
474 376 512 409 et
542 372 677 409 iniusti
710 371 875 409 stimulis
908 372 1075 421 agitatur
1107 373 1271 410 amoris.

208 436 274 468 780
354 428 559 479 Comparat
589 429 747 478 indigno
779 430 932 479 vimque
966 429 1173 480 dolumque
1205 436 1315 468 toro.

297 483 455 524 ‘Exitus
486 487 526 525 in
559 486 676 524 dubio
709 491 791 525 est:
835 486 1062 526 audebimus
1094 488 1227 526 ultima
1248 484 1278 526 !'
1311 486 1407 525 dixit

355 541 552 594 tViderit,
585 544 771 583 audentes
804 544 934 583 forsne
967 545 1113 583 deusne
1144 547 1271 583 iuvet.

297 602 478 653 Cepimus
510 602 687 640 audendo
721 602 860 640 Gabios
893 600 1093 653 quoque.'
1149 603 1237 641 talia
1272 603 1371 641 fatus

353 660 456 698 Ense
488 660 588 698 latus
621 662 769 710 cinxit,
801 667 987 711 tergaque
1018 662 1162 712 pressit
1193 662 1306 711 equi.

210 726 275 757 785
297 718 447 768 Accipit
478 724 606 756 aerata
637 720 817 756 iuvenem
850 718 1007 756 Collatia
1038 725 1172 769 porta,

355 776 531 814 Condere
563 778 639 814 iam
670 776 797 815 voltus
830 776 909 815 sole
940 783 1100 827 parante
1133 788 1246 815 suos.

297 833 457 885 Hostis,
490 839 533 873 ut
564 835 705 884 hospes
724 866 734 885 ,
766 836 838 873 init
869 834 1082 885 penetralia
1114 833 1322 873 Collatina:

356 892 526 931 Comiter
558 894 779 943 excipitur3
811 894 999 943 sanguine
1031 894 1188 931 iunctus
1220 898 1325 930 erat.

298 949 494 994 Quantum
527 952 663 989 animis
696 951 842 988 erroris
874 950 1003 989 inest!
1047 956 1156 1001 parat
1186 952 1307 989 inscia
1339 961 1472 988 rerum

210 1016 276 1046 790
356 1008 490 1046 Infelix
525 1008 658 1059 epulas
689 1008 867 1047 hostibus
898 1008 961 1046 illa
993 1010 1096 1047 suis.

299 1065 472 1104 Functus
506 1072 589 1104 erat
621 1066 814 1116 dapibus:
857 1072 1026 1116 poscunt
1057 1078 1126 1104 sua
1158 1072 1333 1117 tempora

1023 1136 1225 1176 somnum3

355 1181 439 1219 Nox
471 1188 582 1232 erat,
615 1188 653 1219 et
684 1187 762 1220 tota
795 1181 940 1220 lumina
972 1181 1076 1220 nulla
1107 1182 1248 1221 domo.

299 1239 461 1290 Surgit,
494 1246 532 1278 et
563 1246 741 1278 auratum
774 1241 909 1290 vagina
939 1239 1078 1278 liberat
1109 1252 1266 1290 ensem,

356 1297 405 1336 Et
436 1299 542 1336 venit
571 1299 611 1336 in
643 1297 830 1337 thalamos
850 1330 860 1348 ,
892 1303 1012 1348 nupta
1042 1297 1210 1349 pudica,
1243 1303 1352 1336 tuos.

211 1364 277 1394 795
301 1355 424 1407 thue
458 1361 588 1394 torum
620 1359 793 1407 pressit,
825 1353 1025 1406 eserrum,
1058 1355 1266 1406 Lucretia,
1299 1367 1450 1394 mecum

1024 1413 1105 1453 est!

356 1470 498 1511 Natus'
532 1474 584 1511 ait
615 1470 740 1522 ‘regis
773 1473 1086 1523 Tarquiniusque
1119 1469 1301 1523 loquor.'

298 1530 364 1568 [lla
397 1531 520 1569 nihil:
564 1543 691 1581 neque
725 1532 826 1569 enim
860 1543 992 1569 vocem
1024 1533 1203 1580 viresque
1236 1530 1443 1581 loquendi,

358 1590 434 1627 Aut
465 1589 609 1639 aliquid
640 1594 722 1627 toto
754 1595 911 1639 pectore
944 1591 1085 1627 mentis
1117 1588 1254 1627 habet:

300 1646 375 1685 Sed
408 1649 567 1698 tremit,
600 1653 644 1685 ut
676 1646 869 1697 quondam
902 1646 1063 1685 stabulis
1096 1647 1286 1698 deprensa
1317 1645 1464 1685 relictis

212 1713 278 1744 800
357 1705 478 1743 Parva
510 1705 582 1743 sub
615 1706 756 1743 infesto
789 1717 877 1743 cum
910 1706 1010 1743 iacet
1041 1717 1137 1755 agna
1169 1705 1283 1755 lupo.

300 1762 400 1808 Quid
433 1761 586 1802 faciat?
628 1761 816 1814 pugnet?
858 1765 1036 1802 vincetur
1069 1764 1210 1801 femina
1242 1774 1440 1814 pugnans.

359 1819 545 1860 Clamet?
589 1827 626 1860 at
657 1823 697 1859 in
730 1821 864 1860 dextra
883 1852 893 1871 ,
926 1823 993 1872 qui
1024 1827 1156 1872 vetet,
1189 1823 1293 1860 ensis
1326 1827 1429 1859 erat.

301 1877 508 1930 Effugiat?
551 1881 688 1930 positis
721 1886 940 1930 urguentur
971 1886 1129 1930 pectora
1161 1879 1320 1930 palmis,

359 1938 470 1976 Tunc
501 1940 671 1989 primum
703 1944 863 1977 externa
895 1943 1053 1988 pectora
1085 1943 1186 1976 tacta
1217 1949 1354 1976 manu.

214 2004 280 2036 805
301 1995 423 2034 Instat
454 2008 585 2034 amans
617 1996 740 2035 hostis
773 1996 956 2047 precibus
989 1997 1192 2046 pretioque
1225 1997 1442 2045 minisque:

360 2054 439 2092 Nec
470 2067 616 2105 prece,
649 2066 721 2093 nec
754 2056 909 2105 pretio,
942 2066 1014 2092 nec
1047 2060 1174 2092 movet
1205 2053 1268 2092 ille
1301 2055 1436 2092 minis!

303 2109 384 2150 ‘Nil
417 2112 525 2163 agis!
572 2109 753 2163 eripiam⁷
787 2113 882 2151 dixit
914 2108 1005 2162 ‘per
1038 2113 1199 2150 crimina
1230 2113 1369 2151 vitam:

362 2170 496 2209 Falsus
529 2171 710 2209 adulterii
742 2172 852 2209 testis
884 2170 1036 2208 adulter
1068 2182 1158 2210 ero:

302 2229 526 2267 Interimam
558 2229 743 2267 famulum
763 2260 774 2281 ,
806 2241 895 2268 cum
927 2240 1003 2278 quo
1036 2228 1228 2279 deprensa
1260 2223 1442 2267 fereris.’

217 2295 283 2325 810
365 2287 580 2326 Succubuit
612 2288 733 2326 famae
766 2289 865 2326 victa
897 2285 1022 2338 puella
1055 2292 1185 2326 metu.
