1575 2489
575 89 635 121 1v.
663 90 858 122 837—905.
1294 86 1378 128 309

218 197 330 236 Nunc
363 197 504 248 dccet3
537 209 557 235 a
590 196 720 235 Siculo
753 197 909 234 nomina
942 195 1038 234 colle
1073 201 1230 235 tenent:

162 255 287 306 thue
321 255 532 306 Syracusas
564 254 820 294 Arethusidas
853 254 1013 293 abstulit
1045 255 1163 293 armis

220 313 433 363 Claudius,
466 319 505 352 et
536 313 637 352 bello
669 319 707 352 te
740 325 896 364 quoque
930 314 1062 364 cepit,
1094 313 1222 364 Eryx,

73 380 140 412 875
163 372 341 411 Carmine
374 373 515 410 vivacis
548 372 678 411 Venus
711 377 771 411 est
803 371 988 411 translata
1021 371 1211 423 Sibyllae,

219 431 341 481 Inque
375 443 466 469 suae
500 432 633 482 stirpis
666 430 800 469 maluit
833 430 935 469 Urbe
969 429 1065 469 coli.

161 488 239 528 Cur
270 491 390 540 igitur
422 488 584 527 Veneris
617 490 759 528 festum
792 488 937 527 Vinalia
970 489 1123 539 dicant,

221 547 446 600 Quaeritis,
480 553 518 586 et
550 560 669 598 quare
704 549 754 586 sit
786 547 884 585 Iovis
916 549 989 586 ista
1021 544 1140 586 dies?

162 606 349 657 Turnus,
382 618 428 644 an
461 606 611 644 Aeneas
644 606 772 645 Latiae
806 618 926 656 gener
959 612 1063 645 esset
1095 606 1275 656 Amatae,

74 673 140 703 880
220 664 370 703 Bellum
403 670 516 703 erat:
561 664 747 703 Etruscas
780 664 938 703 Turnus
971 665 1127 716 adoptat
1159 676 1275 715 opes,

163 722 298 762 Clarus
332 730 415 762 erat
448 725 693 774 sumptisque
727 724 836 762 ferox
868 723 1081 762 Mezentius
1115 724 1256 773 armis,

222 781 270 820 Et
303 781 362 820 vel
396 794 496 832 equo
529 794 720 833 magnus,
754 782 812 820 vel
845 782 942 833 pede
976 783 1098 820 maior
1130 786 1235 819 erat.

163 840 288 885 Quem
320 840 455 879 Rutuli
488 840 723 890 Turnusque
757 841 837 878 suis
871 841 1063 878 asciscere
1096 843 1260 889 temptat

222 899 404 937 Partibus
426 928 434 937 .
490 899 585 937 haec
619 904 754 937 contra
787 898 863 936 dux
896 900 949 937 ita
981 898 1133 936 Tuscus
1167 899 1241 936 ait:

76 965 142 996 885
166 955 272 996 ‘Stat
305 957 398 995 mihi
431 969 508 995 non
541 969 658 1007 parvo
692 958 816 995 virtus
849 969 962 995 mea:
1009 956 1165 995 volnera
1197 961 1320 995 testor

221 1016 416 1066 Armaque
437 1047 447 1066 ,
480 1028 579 1065 quae
612 1017 737 1066 sparsi
769 1017 957 1066 sanguine
992 1027 1106 1066 saepe
1139 1027 1249 1053 meo.

163 1074 237 1119 Qui
270 1076 370 1124 petis
403 1074 587 1113 auxilium
607 1105 617 1124 ,
652 1086 727 1112 uon
760 1074 918 1124 grandia
952 1074 1080 1112 divide
1113 1085 1265 1112 mecum

222 1132 398 1170 Praemia
430 1132 476 1170 de
509 1132 672 1171 lacubus
704 1134 879 1184 proxima
913 1139 1040 1171 musta
1072 1134 1172 1171 tuiS.

163 1190 274 1230 Nulla
307 1203 415 1229 mora
447 1196 507 1229 est
539 1203 679 1242 operae
701 1221 709 1230 .
760 1196 934 1230 vestrum
967 1197 1026 1230 est
1052 1191 1173 1244 dare,
1205 1191 1361 1230 vincere

892 1255 1069 1288 nostrum
1087 1281 1093 1288 .

76 1317 142 1348 890
224 1308 348 1354 Quam
381 1307 473 1347 velit
504 1309 654 1347 Aeneas
687 1309 759 1346 ista
792 1314 930 1359 negata
963 1305 1102 1347 mil1i!'

163 1367 391 1406 Adnuerant
423 1366 584 1406 Rutuli.
640 1366 854 1405 Mezentius
886 1367 1014 1406 induit
1044 1379 1173 1419 arma,

223 1425 353 1464 Induit
385 1426 534 1464 Aeneas
554 1457 564 1477 ,
598 1425 902 1476 adloquiturque
934 1426 1085 1465 Iovem:

168 1481 345 1523 ‘Hostica
378 1484 582 1535 Tyrrheno
617 1490 702 1522 vota
736 1490 794 1522 est
826 1484 1017 1522 vindemia
1050 1486 1156 1534 regi:

222 1542 397 1594 Iuppiter
429 1556 449 1581 e
482 1542 590 1580 Latio
624 1542 780 1594 palmite
814 1548 940 1581 musta
973 1539 1122 1581 feresl’

75 1610 141 1641 895
166 1601 258 1640 Vota
290 1601 417 1639 valent
450 1601 638 1640 meliora.
695 1601 797 1639 cadit
829 1601 1042 1640 Mezentius
1075 1603 1238 1652 ingens,

222 1660 348 1711 Atque
380 1660 597 1711 indignanti
628 1665 786 1711 pectore
820 1660 968 1711 plangit
998 1660 1184 1699 humum.

165 1718 332 1757 Venerat
363 1719 584 1757 Autumnus
618 1718 773 1757 calcatis
807 1719 989 1757 sordidus
1021 1720 1119 1758 uvis:

224 1776 456 1816 Redduntur
489 1778 628 1815 merito
662 1777 790 1815 debita
822 1779 910 1816 vina
941 1777 1044 1816 Iovi.

165 1836 273 1875 Dicta
306 1835 388 1874 dies
421 1835 511 1874 hinc
544 1841 604 1874 est
634 1834 810 1874 Vinalia.
867 1835 1043 1886 Iuppiter
1075 1835 1179 1874 illam

75 1904 142 1935 900
224 1893 431 1946 Vindicat,
464 1900 502 1933 et
534 1894 642 1933 festis
675 1894 817 1944 gaudet
847 1895 977 1932 inesse
1010 1895 1114 1932 suis.

407 1986 474 2027 24.
506 1984 584 2027 Bo
647 1984 714 2026 25.
748 1984 780 2027 o
807 1966 1026 2026 ROB-N2

164 2071 239 2110 Sex
271 2070 338 2110 ubi
357 2102 368 2123 ,
401 2083 498 2122 quae
531 2074 710 2121 restant,
742 2069 849 2108 luces
881 2069 1024 2121 Aprilis
1057 2068 1239 2122 habebit,

221 2129 264 2168 In
297 2129 424 2168 medio
457 2141 576 2168 cursu
610 2135 787 2179 tempora
819 2129 922 2167 veris
955 2133 1095 2179 erunt,

163 2188 212 2228 Et
242 2189 389 2227 frustra
421 2187 613 2239 pecudem
647 2199 811 2238 quaeres
844 2186 1140 2225 Athamantidos
1173 2185 1326 2238 Helles,

223 2247 418 2298 Signaque
451 2247 543 2285 dant
574 2245 750 2297 imbres,
783 2247 1038 2296 exoriturque
1072 2246 1209 2285 Canis.

74 2315 141 2346 905
163 2306 242 2346 Hac
275 2306 370 2344 mihi
401 2304 592 2344 Nomento
625 2305 787 2344 Romam
820 2316 909 2344 cum
942 2304 1028 2344 luce
1061 2304 1255 2353 redirem,
