<?xml version="1.0" encoding="UTF-8"?>
<!DOCTYPE html PUBLIC "-//W3C//DTD XHTML 1.0 Transitional//EN"
    "http://www.w3.org/TR/xhtml1/DTD/xhtml1-transitional.dtd">
<html xmlns="http://www.w3.org/1999/xhtml" xml:lang="en" lang="en">
 <head>
  <title>
</title>
<meta http-equiv="Content-Type" content="text/html;charset=utf-8" />
  <meta name='ocr-system' content='tesseract 3.04.00' />
  <meta name='ocr-capabilities' content='ocr_page ocr_carea ocr_par ocr_line ocrx_word'/>
</head>
<body>
  <div class='ocr_page' id='page_1' title='image "./operaovid01oviduoft_0292.png"; bbox 0 0 1575 2489; ppageno 0'>
   <div class='ocr_carea' id='block_1_1' title="bbox 196 69 986 111">
    <p class='ocr_par' dir='ltr' id='par_1_1' title="bbox 196 69 986 111">
     <span class='ocr_line' id='line_1_1' title="bbox 196 69 986 111; baseline 0 -8"><span class='ocrx_word' id='word_1_1' title='bbox 196 69 281 111; x_wconf 82' lang='lat'><strong>244</strong></span> <span class='ocrx_word' id='word_1_2' title='bbox 733 71 986 104; x_wconf 82' lang='lat' dir='ltr'><strong>FASTORUM</strong></span> 
     </span>
    </p>
   </div>
   <div class='ocr_carea' id='block_1_2' title="bbox 226 177 1519 2316">
    <p class='ocr_par' dir='ltr' id='par_1_2' title="bbox 226 177 1519 2316">
     <span class='ocr_line' id='line_1_2' title="bbox 313 177 1300 230; baseline 0 -12"><span class='ocrx_word' id='word_1_3' title='bbox 313 179 450 218; x_wconf 82' lang='lat' dir='ltr'>Cetera</span> <span class='ocrx_word' id='word_1_4' title='bbox 481 182 735 229; x_wconf 83' lang='lat' dir='ltr'><strong>temptantem</strong></span> <span class='ocrx_word' id='word_1_5' title='bbox 767 177 896 217; x_wconf 89' lang='lat' dir='ltr'><strong>cubito</strong></span> <span class='ocrx_word' id='word_1_6' title='bbox 928 178 1153 230; x_wconf 85' lang='lat' dir='ltr'><strong>Tirynthius</strong></span> <span class='ocrx_word' id='word_1_7' title='bbox 1185 179 1300 218; x_wconf 86' lang='lat' dir='ltr'><strong>heros</strong></span> 
     </span>
     <span class='ocr_line' id='line_1_3' title="bbox 226 235 1240 288; baseline 0 -12"><span class='ocrx_word' id='word_1_8' title='bbox 226 245 293 276; x_wconf 86' lang='lat'><strong>350</strong></span> <span class='ocrx_word' id='word_1_9' title='bbox 371 236 582 288; x_wconf 82' lang='lat' dir='ltr'><strong>Reppulit:</strong></span> <span class='ocrx_word' id='word_1_10' title='bbox 628 248 649 274; x_wconf 93' lang='lat' dir='ltr'><strong>e</strong></span> <span class='ocrx_word' id='word_1_11' title='bbox 681 247 830 274; x_wconf 89' lang='lat' dir='ltr'><strong>summo</strong></span> <span class='ocrx_word' id='word_1_12' title='bbox 863 235 1006 275; x_wconf 85' lang='lat' dir='ltr'><strong>decidit</strong></span> <span class='ocrx_word' id='word_1_13' title='bbox 1036 237 1099 275; x_wconf 91' lang='lat' dir='ltr'><strong>ille</strong></span> <span class='ocrx_word' id='word_1_14' title='bbox 1130 243 1240 276; x_wconf 88' lang='lat' dir='ltr'><strong>toro.</strong></span> 
     </span>
     <span class='ocr_line' id='line_1_4' title="bbox 313 292 1361 346; baseline 0.001 -14"><span class='ocrx_word' id='word_1_15' title='bbox 313 294 374 332; x_wconf 82' lang='lat' dir='ltr'><strong>Fit</strong></span> <span class='ocrx_word' id='word_1_16' title='bbox 406 305 524 332; x_wconf 88' lang='lat' dir='ltr'><strong>sonus</strong></span> <span class='ocrx_word' id='word_1_17' title='bbox 543 324 554 345; x_wconf 83' lang='lat'><em>,</em></span> <span class='ocrx_word' id='word_1_18' title='bbox 585 292 766 332; x_wconf 89' lang='lat' dir='ltr'><strong>inclamat</strong></span> <span class='ocrx_word' id='word_1_19' title='bbox 800 295 959 332; x_wconf 85' lang='lat' dir='ltr'><strong>comites</strong></span> <span class='ocrx_word' id='word_1_20' title='bbox 992 300 1030 333; x_wconf 85' lang='lat' dir='ltr'><strong>et</strong></span> <span class='ocrx_word' id='word_1_21' title='bbox 1060 295 1204 333; x_wconf 91' lang='lat' dir='ltr'><strong>lumina</strong></span> <span class='ocrx_word' id='word_1_22' title='bbox 1236 295 1361 346; x_wconf 87' lang='lat' dir='ltr'><strong>poscit</strong></span> 
     </span>
     <span class='ocr_line' id='line_1_5' title="bbox 370 350 1222 403; baseline 0.002 -14"><span class='ocrx_word' id='word_1_23' title='bbox 370 350 565 390; x_wconf 88' lang='lat' dir='ltr'><strong>Maeonis:</strong></span> <span class='ocrx_word' id='word_1_24' title='bbox 608 350 737 389; x_wconf 88' lang='lat' dir='ltr'><strong>inlatis</strong></span> <span class='ocrx_word' id='word_1_25' title='bbox 768 350 922 400; x_wconf 85' lang='lat' dir='ltr'><strong>ignibus</strong></span> <span class='ocrx_word' id='word_1_26' title='bbox 954 357 1037 390; x_wconf 90' lang='lat' dir='ltr'><strong>acta</strong></span> <span class='ocrx_word' id='word_1_27' title='bbox 1067 358 1222 403; x_wconf 91' lang='lat' dir='ltr'><strong>patent.</strong></span> 
     </span>
     <span class='ocr_line' id='line_1_6' title="bbox 312 408 1275 461; baseline 0.001 -14"><span class='ocrx_word' id='word_1_28' title='bbox 312 409 380 447; x_wconf 92' lang='lat' dir='ltr'><strong>Ille</strong></span> <span class='ocrx_word' id='word_1_29' title='bbox 412 410 530 459; x_wconf 85' lang='lat' dir='ltr'><strong>gemit</strong></span> <span class='ocrx_word' id='word_1_30' title='bbox 560 408 661 447; x_wconf 88' lang='lat' dir='ltr'><strong>lecto</strong></span> <span class='ocrx_word' id='word_1_31' title='bbox 693 410 861 459; x_wconf 87' lang='lat' dir='ltr'><strong>graviter</strong></span> <span class='ocrx_word' id='word_1_32' title='bbox 892 408 1066 449; x_wconf 90' lang='lat' dir='ltr'><strong>deiectus</strong></span> <span class='ocrx_word' id='word_1_33' title='bbox 1097 410 1143 448; x_wconf 87' lang='lat' dir='ltr'><strong>ab</strong></span> <span class='ocrx_word' id='word_1_34' title='bbox 1176 410 1275 461; x_wconf 89' lang='lat' dir='ltr'><strong>alto,</strong></span> 
     </span>
     <span class='ocr_line' id='line_1_7' title="bbox 370 466 1323 516; baseline 0.002 -12"><span class='ocrx_word' id='word_1_35' title='bbox 370 466 619 516; x_wconf 80' lang='lat' dir='ltr'><strong>Membraque</strong></span> <span class='ocrx_word' id='word_1_36' title='bbox 652 466 699 504; x_wconf 90' lang='lat' dir='ltr'><strong>de</strong></span> <span class='ocrx_word' id='word_1_37' title='bbox 732 466 828 505; x_wconf 86' lang='lat' dir='ltr'><strong>dura</strong></span> <span class='ocrx_word' id='word_1_38' title='bbox 859 468 919 505; x_wconf 81' lang='lat' dir='ltr'><strong>vix</strong></span> <span class='ocrx_word' id='word_1_39' title='bbox 952 479 1019 506; x_wconf 89' lang='lat' dir='ltr'><strong>sua</strong></span> <span class='ocrx_word' id='word_1_40' title='bbox 1051 467 1150 506; x_wconf 87' lang='lat' dir='ltr'><strong>tollit</strong></span> <span class='ocrx_word' id='word_1_41' title='bbox 1181 468 1323 506; x_wconf 22' lang='lat' dir='ltr'><strong>humo]</strong></span> 
     </span>
     <span class='ocr_line' id='line_1_8' title="bbox 226 523 1258 577; baseline 0 -13"><span class='ocrx_word' id='word_1_42' title='bbox 226 534 292 564; x_wconf 82' lang='lat'><strong>355</strong></span> <span class='ocrx_word' id='word_1_43' title='bbox 314 524 429 563; x_wconf 88' lang='lat' dir='ltr'><strong>Ridet</strong></span> <span class='ocrx_word' id='word_1_44' title='bbox 461 530 499 563; x_wconf 91' lang='lat' dir='ltr'><strong>et</strong></span> <span class='ocrx_word' id='word_1_45' title='bbox 529 523 682 562; x_wconf 83' lang='lat' dir='ltr'><strong>Alcides</strong></span> <span class='ocrx_word' id='word_1_46' title='bbox 715 530 754 563; x_wconf 87' lang='lat' dir='ltr'><strong>et</strong></span> <span class='ocrx_word' id='word_1_47' title='bbox 785 526 852 575; x_wconf 90' lang='lat' dir='ltr'><strong>qui</strong></span> <span class='ocrx_word' id='word_1_48' title='bbox 883 525 1013 563; x_wconf 91' lang='lat' dir='ltr'><strong>videre</strong></span> <span class='ocrx_word' id='word_1_49' title='bbox 1044 527 1258 577; x_wconf 89' lang='lat' dir='ltr'><strong>iacentem,</strong></span> 
     </span>
     <span class='ocr_line' id='line_1_9' title="bbox 369 581 1187 632; baseline 0.002 -12"><span class='ocrx_word' id='word_1_50' title='bbox 369 582 484 621; x_wconf 88' lang='lat' dir='ltr'><strong>Ridet</strong></span> <span class='ocrx_word' id='word_1_51' title='bbox 515 587 726 620; x_wconf 79' lang='lat' dir='ltr'><strong>amatorem</strong></span> <span class='ocrx_word' id='word_1_52' title='bbox 757 581 861 632; x_wconf 80' lang='lat' dir='ltr'><strong>Lyda</strong></span> <span class='ocrx_word' id='word_1_53' title='bbox 893 583 1019 632; x_wconf 88' lang='lat' dir='ltr'><strong>puella</strong></span> <span class='ocrx_word' id='word_1_54' title='bbox 1051 595 1187 622; x_wconf 90' lang='lat' dir='ltr'><strong>suum.</strong></span> 
     </span>
     <span class='ocr_line' id='line_1_10' title="bbox 312 639 1240 680; baseline 0.003 -3"><span class='ocrx_word' id='word_1_55' title='bbox 312 640 426 679; x_wconf 89' lang='lat' dir='ltr'><strong>Veste</strong></span> <span class='ocrx_word' id='word_1_56' title='bbox 459 640 555 679; x_wconf 91' lang='lat' dir='ltr'><strong>deus</strong></span> <span class='ocrx_word' id='word_1_57' title='bbox 588 640 697 678; x_wconf 90' lang='lat' dir='ltr'><strong>lusus</strong></span> <span class='ocrx_word' id='word_1_58' title='bbox 729 639 906 679; x_wconf 88' lang='lat' dir='ltr'><strong>fallentes</strong></span> <span class='ocrx_word' id='word_1_59' title='bbox 938 641 1082 680; x_wconf 87' lang='lat' dir='ltr'><strong>lumina</strong></span> <span class='ocrx_word' id='word_1_60' title='bbox 1114 647 1240 680; x_wconf 90' lang='lat' dir='ltr'><strong>vestes</strong></span> 
     </span>
     <span class='ocr_line' id='line_1_11' title="bbox 368 697 1324 749; baseline 0.001 -13"><span class='ocrx_word' id='word_1_61' title='bbox 368 698 453 736; x_wconf 87' lang='lat' dir='ltr'><strong>Non</strong></span> <span class='ocrx_word' id='word_1_62' title='bbox 485 704 615 749; x_wconf 88' lang='lat' dir='ltr'><strong>amat,</strong></span> <span class='ocrx_word' id='word_1_63' title='bbox 647 704 686 736; x_wconf 85' lang='lat' dir='ltr'><strong>et</strong></span> <span class='ocrx_word' id='word_1_64' title='bbox 717 697 842 736; x_wconf 89' lang='lat' dir='ltr'><strong>nudos</strong></span> <span class='ocrx_word' id='word_1_65' title='bbox 873 698 920 736; x_wconf 89' lang='lat' dir='ltr'><strong>ad</strong></span> <span class='ocrx_word' id='word_1_66' title='bbox 952 710 1022 737; x_wconf 89' lang='lat' dir='ltr'><strong>sua</strong></span> <span class='ocrx_word' id='word_1_67' title='bbox 1053 710 1161 737; x_wconf 88' lang='lat' dir='ltr'><strong>sacra</strong></span> <span class='ocrx_word' id='word_1_68' title='bbox 1192 704 1324 737; x_wconf 90' lang='lat' dir='ltr'><strong>vocat.</strong></span> 
     </span>
     <span class='ocr_line' id='line_1_12' title="bbox 312 755 1519 808; baseline 0 -14"><span class='ocrx_word' id='word_1_69' title='bbox 312 756 417 795; x_wconf 88' lang='lat' dir='ltr'><strong>Adde</strong></span> <span class='ocrx_word' id='word_1_70' title='bbox 450 757 668 807; x_wconf 83' lang='lat' dir='ltr'><strong>peregrinis</strong></span> <span class='ocrx_word' id='word_1_71' title='bbox 701 767 836 794; x_wconf 80' lang='lat' dir='ltr'><strong>causas</strong></span> <span class='ocrx_word' id='word_1_72' title='bbox 856 787 867 807; x_wconf 90' lang='lat'>‚</span> <span class='ocrx_word' id='word_1_73' title='bbox 898 767 982 795; x_wconf 90' lang='lat' dir='ltr'><strong>mea</strong></span> <span class='ocrx_word' id='word_1_74' title='bbox 1012 755 1150 808; x_wconf 89' lang='lat' dir='ltr'><strong>Musa,</strong></span> <span class='ocrx_word' id='word_1_75' title='bbox 1182 756 1359 807; x_wconf 89' lang='lat' dir='ltr'><strong>Latinas,</strong></span> <span class='ocrx_word' id='word_1_76' title='bbox 1465 764 1519 795; x_wconf 77' lang='grc' dir='ltr'>(5ο)</span> 
     </span>
     <span class='ocr_line' id='line_1_13' title="bbox 226 813 1293 865; baseline -0.001 -12"><span class='ocrx_word' id='word_1_77' title='bbox 226 823 293 853; x_wconf 86' lang='grc'><strong>360</strong></span> <span class='ocrx_word' id='word_1_78' title='bbox 371 814 492 864; x_wconf 85' lang='lat' dir='ltr'><strong>Inque</strong></span> <span class='ocrx_word' id='word_1_79' title='bbox 526 827 595 853; x_wconf 90' lang='lat' dir='ltr'><strong>suo</strong></span> <span class='ocrx_word' id='word_1_80' title='bbox 628 819 762 852; x_wconf 89' lang='lat' dir='ltr'><strong>noster</strong></span> <span class='ocrx_word' id='word_1_81' title='bbox 792 813 951 865; x_wconf 91' lang='lat' dir='ltr'><strong>pulvere</strong></span> <span class='ocrx_word' id='word_1_82' title='bbox 984 820 1116 853; x_wconf 87' lang='lat' dir='ltr'><strong>currat</strong></span> <span class='ocrx_word' id='word_1_83' title='bbox 1148 826 1293 864; x_wconf 89' lang='lat' dir='ltr'><strong>equus.</strong></span> 
     </span>
     <span class='ocr_line' id='line_1_14' title="bbox 313 872 1222 922; baseline 0 -12"><span class='ocrx_word' id='word_1_84' title='bbox 313 872 521 922; x_wconf 86' lang='lat' dir='ltr'><strong>Cornipedi</strong></span> <span class='ocrx_word' id='word_1_85' title='bbox 553 872 684 910; x_wconf 87' lang='lat' dir='ltr'><strong>Fauno</strong></span> <span class='ocrx_word' id='word_1_86' title='bbox 717 883 828 910; x_wconf 86' lang='lat' dir='ltr'><strong>caesa</strong></span> <span class='ocrx_word' id='word_1_87' title='bbox 859 872 905 910; x_wconf 93' lang='lat' dir='ltr'><strong>de</strong></span> <span class='ocrx_word' id='word_1_88' title='bbox 937 884 1045 910; x_wconf 90' lang='lat' dir='ltr'><strong>more</strong></span> <span class='ocrx_word' id='word_1_89' title='bbox 1077 872 1222 922; x_wconf 88' lang='lat' dir='ltr'><strong>capella</strong></span> 
     </span>
     <span class='ocr_line' id='line_1_15' title="bbox 372 929 1232 981; baseline 0.002 -14"><span class='ocrx_word' id='word_1_90' title='bbox 372 929 484 968; x_wconf 89' lang='lat' dir='ltr'><strong>Venit</strong></span> <span class='ocrx_word' id='word_1_91' title='bbox 516 929 562 968; x_wconf 90' lang='lat' dir='ltr'><strong>ad</strong></span> <span class='ocrx_word' id='word_1_92' title='bbox 594 931 752 979; x_wconf 87' lang='lat' dir='ltr'><strong>exiguas</strong></span> <span class='ocrx_word' id='word_1_93' title='bbox 784 929 897 968; x_wconf 88' lang='lat' dir='ltr'><strong>turba</strong></span> <span class='ocrx_word' id='word_1_94' title='bbox 929 935 1060 968; x_wconf 87' lang='lat' dir='ltr'><strong>vocata</strong></span> <span class='ocrx_word' id='word_1_95' title='bbox 1093 930 1232 981; x_wconf 84' lang='lat' dir='ltr'><strong>dapes.</strong></span> 
     </span>
     <span class='ocr_line' id='line_1_16' title="bbox 312 987 1328 1038; baseline 0 -12"><span class='ocrx_word' id='word_1_96' title='bbox 312 987 488 1038; x_wconf 89' lang='lat' dir='ltr'><strong>Dumque</strong></span> <span class='ocrx_word' id='word_1_97' title='bbox 523 988 745 1026; x_wconf 87' lang='lat' dir='ltr'><strong>sacerdotes</strong></span> <span class='ocrx_word' id='word_1_98' title='bbox 778 987 934 1026; x_wconf 87' lang='lat' dir='ltr'><strong>veribus</strong></span> <span class='ocrx_word' id='word_1_99' title='bbox 965 993 1142 1026; x_wconf 87' lang='lat' dir='ltr'><strong>transuta</strong></span> <span class='ocrx_word' id='word_1_100' title='bbox 1173 987 1328 1038; x_wconf 85' lang='lat' dir='ltr'><strong>salignis</strong></span> 
     </span>
     <span class='ocr_line' id='line_1_17' title="bbox 371 1045 1276 1096; baseline 0 -12"><span class='ocrx_word' id='word_1_101' title='bbox 371 1046 467 1084; x_wconf 85' lang='lat' dir='ltr'><strong>Exta</strong></span> <span class='ocrx_word' id='word_1_102' title='bbox 499 1052 664 1096; x_wconf 89' lang='lat' dir='ltr'><strong>parant,</strong></span> <span class='ocrx_word' id='word_1_103' title='bbox 696 1045 841 1084; x_wconf 89' lang='lat' dir='ltr'><strong>medias</strong></span> <span class='ocrx_word' id='word_1_104' title='bbox 873 1045 952 1084; x_wconf 91' lang='lat' dir='ltr'><strong>sole</strong></span> <span class='ocrx_word' id='word_1_105' title='bbox 985 1051 1142 1084; x_wconf 89' lang='lat' dir='ltr'><strong>tenente</strong></span> <span class='ocrx_word' id='word_1_106' title='bbox 1173 1047 1276 1096; x_wconf 84' lang='lat' dir='ltr'><strong>vias,</strong></span> 
     </span>
     <span class='ocr_line' id='line_1_18' title="bbox 227 1103 1248 1154; baseline -0.001 -11"><span class='ocrx_word' id='word_1_107' title='bbox 227 1111 292 1143; x_wconf 80' lang='lat'><strong>355</strong></span> <span class='ocrx_word' id='word_1_108' title='bbox 312 1103 500 1142; x_wconf 89' lang='lat' dir='ltr'><strong>Romulus</strong></span> <span class='ocrx_word' id='word_1_109' title='bbox 533 1110 572 1142; x_wconf 87' lang='lat' dir='ltr'><strong>et</strong></span> <span class='ocrx_word' id='word_1_110' title='bbox 603 1104 723 1141; x_wconf 82' lang='lat' dir='ltr'><strong>frater</strong></span> <span class='ocrx_word' id='word_1_111' title='bbox 754 1103 1035 1154; x_wconf 84' lang='lat' dir='ltr'><strong>pastoralisque</strong></span> <span class='ocrx_word' id='word_1_112' title='bbox 1067 1105 1248 1142; x_wconf 89' lang='lat' dir='ltr'><strong>iuventus</strong></span> 
     </span>
     <span class='ocr_line' id='line_1_19' title="bbox 372 1161 1288 1211; baseline 0 -12"><span class='ocrx_word' id='word_1_113' title='bbox 372 1161 526 1199; x_wconf 85' lang='lat' dir='ltr'><strong>Solibus</strong></span> <span class='ocrx_word' id='word_1_114' title='bbox 559 1166 598 1199; x_wconf 90' lang='lat' dir='ltr'><strong>et</strong></span> <span class='ocrx_word' id='word_1_115' title='bbox 629 1172 764 1210; x_wconf 89' lang='lat' dir='ltr'><strong>campo</strong></span> <span class='ocrx_word' id='word_1_116' title='bbox 797 1173 960 1211; x_wconf 86' lang='lat' dir='ltr'><strong>corpora</strong></span> <span class='ocrx_word' id='word_1_117' title='bbox 991 1161 1094 1199; x_wconf 88' lang='lat' dir='ltr'><strong>nuda</strong></span> <span class='ocrx_word' id='word_1_118' title='bbox 1125 1161 1288 1199; x_wconf 86' lang='lat' dir='ltr'><strong>dabant.</strong></span> 
     </span>
     <span class='ocr_line' id='line_1_20' title="bbox 316 1218 1308 1270; baseline -0.001 -12"><span class='ocrx_word' id='word_1_119' title='bbox 316 1219 535 1269; x_wconf 85' lang='lat' dir='ltr'><strong>[Caestibus</strong></span> <span class='ocrx_word' id='word_1_120' title='bbox 567 1225 606 1257; x_wconf 91' lang='lat' dir='ltr'><strong>et</strong></span> <span class='ocrx_word' id='word_1_121' title='bbox 636 1218 770 1257; x_wconf 90' lang='lat' dir='ltr'><strong>iaculis</strong></span> <span class='ocrx_word' id='word_1_122' title='bbox 803 1224 842 1257; x_wconf 86' lang='lat' dir='ltr'><strong>et</strong></span> <span class='ocrx_word' id='word_1_123' title='bbox 872 1220 990 1257; x_wconf 87' lang='lat' dir='ltr'><strong>misso</strong></span> <span class='ocrx_word' id='word_1_124' title='bbox 1022 1219 1194 1270; x_wconf 89' lang='lat' dir='ltr'><strong>pondere</strong></span> <span class='ocrx_word' id='word_1_125' title='bbox 1226 1220 1308 1258; x_wconf 88' lang='lat' dir='ltr'><strong>saxi</strong></span> 
     </span>
     <span class='ocr_line' id='line_1_21' title="bbox 371 1276 1255 1328; baseline 0 -12"><span class='ocrx_word' id='word_1_126' title='bbox 371 1277 531 1316; x_wconf 84' lang='lat' dir='ltr'><strong>Brachia</strong></span> <span class='ocrx_word' id='word_1_127' title='bbox 563 1288 634 1327; x_wconf 90' lang='lat' dir='ltr'><strong>per</strong></span> <span class='ocrx_word' id='word_1_128' title='bbox 665 1276 774 1315; x_wconf 86' lang='lat' dir='ltr'><strong>lusus</strong></span> <span class='ocrx_word' id='word_1_129' title='bbox 806 1277 1041 1328; x_wconf 84' lang='lat' dir='ltr'><strong>experienda</strong></span> <span class='ocrx_word' id='word_1_130' title='bbox 1073 1276 1255 1326; x_wconf 75' lang='lat' dir='ltr'><strong>dabantz]</strong></span> 
     </span>
     <span class='ocr_line' id='line_1_22' title="bbox 313 1332 1318 1385; baseline -0.001 -11"><span class='ocrx_word' id='word_1_131' title='bbox 313 1335 450 1374; x_wconf 88' lang='lat' dir='ltr'><strong>Pastor</strong></span> <span class='ocrx_word' id='word_1_132' title='bbox 482 1335 529 1374; x_wconf 88' lang='lat' dir='ltr'><strong>ab</strong></span> <span class='ocrx_word' id='word_1_133' title='bbox 562 1334 715 1374; x_wconf 83' lang='lat' dir='ltr'><strong>excelso</strong></span> <span class='ocrx_word' id='word_1_134' title='bbox 749 1332 839 1385; x_wconf 74' lang='lat' dir='ltr'><strong>‘per</strong></span> <span class='ocrx_word' id='word_1_135' title='bbox 871 1335 979 1373; x_wconf 89' lang='lat' dir='ltr'><strong>devia</strong></span> <span class='ocrx_word' id='word_1_136' title='bbox 1010 1347 1103 1373; x_wconf 90' lang='lat' dir='ltr'><strong>rura</strong></span> <span class='ocrx_word' id='word_1_137' title='bbox 1134 1337 1318 1374; x_wconf 89' lang='lat' dir='ltr'><strong>iuvencos</strong></span> 
     </span>
     <span class='ocr_line' id='line_1_23' title="bbox 227 1389 1457 1445; baseline -0.001 -12"><span class='ocrx_word' id='word_1_138' title='bbox 227 1402 293 1433; x_wconf 83' lang='lat'><strong>370</strong></span> <span class='ocrx_word' id='word_1_139' title='bbox 372 1393 564 1445; x_wconf 85' lang='lat' dir='ltr'><strong>Romule,</strong></span> <span class='ocrx_word' id='word_1_140' title='bbox 595 1392 811 1444; x_wconf 87' lang='lat' dir='ltr'><strong>praedones</strong></span> <span class='ocrx_word' id='word_1_141' title='bbox 830 1424 841 1444; x_wconf 85' lang='lat'><em>‚</em></span> <span class='ocrx_word' id='word_1_142' title='bbox 873 1398 912 1431; x_wconf 87' lang='lat' dir='ltr'><strong>et</strong></span> <span class='ocrx_word' id='word_1_143' title='bbox 942 1392 1061 1431; x_wconf 88' lang='lat' dir='ltr'><strong>Reme</strong></span> <span class='ocrx_word' id='word_1_144' title='bbox 1082 1390 1112 1431; x_wconf 84' lang='lat'><strong>!’</strong></span> <span class='ocrx_word' id='word_1_145' title='bbox 1146 1393 1243 1432; x_wconf 85' lang='lat' dir='ltr'><strong>dixit</strong></span> <span class='ocrx_word' id='word_1_146' title='bbox 1274 1389 1457 1444; x_wconf 74' lang='lat' dir='ltr'><strong>‘agunt.&#39;</strong></span> 
     </span>
     <span class='ocr_line' id='line_1_24' title="bbox 314 1450 1313 1502; baseline -0.001 -12"><span class='ocrx_word' id='word_1_147' title='bbox 314 1451 488 1502; x_wconf 85' lang='lat' dir='ltr'><strong>Longum</strong></span> <span class='ocrx_word' id='word_1_148' title='bbox 522 1458 604 1490; x_wconf 90' lang='lat' dir='ltr'><strong>erat</strong></span> <span class='ocrx_word' id='word_1_149' title='bbox 635 1452 800 1490; x_wconf 87' lang='lat' dir='ltr'><strong>armari:</strong></span> <span class='ocrx_word' id='word_1_150' title='bbox 843 1450 1006 1490; x_wconf 88' lang='lat' dir='ltr'><strong>diversis</strong></span> <span class='ocrx_word' id='word_1_151' title='bbox 1038 1452 1116 1490; x_wconf 85' lang='lat' dir='ltr'><strong>exit</strong></span> <span class='ocrx_word' id='word_1_152' title='bbox 1147 1457 1313 1502; x_wconf 85' lang='lat' dir='ltr'><strong>uterque</strong></span> 
     </span>
     <span class='ocr_line' id='line_1_25' title="bbox 372 1509 1307 1560; baseline -0.001 -12"><span class='ocrx_word' id='word_1_153' title='bbox 372 1509 553 1548; x_wconf 89' lang='lat' dir='ltr'><strong>Partibus</strong></span> <span class='ocrx_word' id='word_1_154' title='bbox 572 1540 583 1560; x_wconf 86' lang='lat'>‚</span> <span class='ocrx_word' id='word_1_155' title='bbox 615 1521 782 1548; x_wconf 88' lang='lat' dir='ltr'><strong>occursu</strong></span> <span class='ocrx_word' id='word_1_156' title='bbox 813 1509 956 1559; x_wconf 87' lang='lat' dir='ltr'><strong>praeda</strong></span> <span class='ocrx_word' id='word_1_157' title='bbox 985 1514 1143 1560; x_wconf 86' lang='lat' dir='ltr'><strong>recepta</strong></span> <span class='ocrx_word' id='word_1_158' title='bbox 1174 1509 1307 1547; x_wconf 89' lang='lat' dir='ltr'><strong>Remi.</strong></span> 
     </span>
     <span class='ocr_line' id='line_1_26' title="bbox 314 1566 1305 1618; baseline -0.002 -11"><span class='ocrx_word' id='word_1_159' title='bbox 314 1567 364 1607; x_wconf 91' lang='lat' dir='ltr'><strong>Ut</strong></span> <span class='ocrx_word' id='word_1_160' title='bbox 395 1567 538 1618; x_wconf 87' lang='lat' dir='ltr'><strong>rediit,</strong></span> <span class='ocrx_word' id='word_1_161' title='bbox 572 1566 727 1605; x_wconf 86' lang='lat' dir='ltr'><strong>veribus</strong></span> <span class='ocrx_word' id='word_1_162' title='bbox 760 1566 963 1606; x_wconf 86' lang='lat' dir='ltr'><strong>stridentia</strong></span> <span class='ocrx_word' id='word_1_163' title='bbox 994 1566 1163 1606; x_wconf 84' lang='lat' dir='ltr'><strong>detrahit</strong></span> <span class='ocrx_word' id='word_1_164' title='bbox 1195 1571 1305 1617; x_wconf 82' lang='lat' dir='ltr'><strong>exta,</strong></span> 
     </span>
     <span class='ocr_line' id='line_1_27' title="bbox 372 1621 1406 1676; baseline -0.001 -12"><span class='ocrx_word' id='word_1_165' title='bbox 372 1626 498 1676; x_wconf 89' lang='lat' dir='ltr'><strong>Atque</strong></span> <span class='ocrx_word' id='word_1_166' title='bbox 531 1627 583 1663; x_wconf 86' lang='lat' dir='ltr'><strong>ait</strong></span> <span class='ocrx_word' id='word_1_167' title='bbox 615 1622 730 1663; x_wconf 70' lang='lat' dir='ltr'><strong>‘haec</strong></span> <span class='ocrx_word' id='word_1_168' title='bbox 762 1630 868 1663; x_wconf 86' lang='lat' dir='ltr'><strong>certe</strong></span> <span class='ocrx_word' id='word_1_169' title='bbox 900 1636 977 1663; x_wconf 89' lang='lat' dir='ltr'><strong>non</strong></span> <span class='ocrx_word' id='word_1_170' title='bbox 1009 1626 1085 1663; x_wconf 88' lang='lat' dir='ltr'><strong>nisi</strong></span> <span class='ocrx_word' id='word_1_171' title='bbox 1115 1626 1238 1663; x_wconf 86' lang='lat' dir='ltr'><strong>victor</strong></span> <span class='ocrx_word' id='word_1_172' title='bbox 1271 1621 1406 1663; x_wconf 91' lang='lat' dir='ltr'><strong>edet.&#39;</strong></span> 
     </span>
     <span class='ocr_line' id='line_1_28' title="bbox 227 1682 1421 1734; baseline -0.002 -11"><span class='ocrx_word' id='word_1_173' title='bbox 227 1692 294 1723; x_wconf 83' lang='lat'><strong>375</strong></span> <span class='ocrx_word' id='word_1_174' title='bbox 315 1684 423 1722; x_wconf 88' lang='lat' dir='ltr'><strong>Dicta</strong></span> <span class='ocrx_word' id='word_1_175' title='bbox 456 1684 574 1734; x_wconf 81' lang='lat' dir='ltr'><strong>facit,</strong></span> <span class='ocrx_word' id='word_1_176' title='bbox 605 1683 791 1733; x_wconf 87' lang='lat' dir='ltr'><strong>Fabiique</strong></span> <span class='ocrx_word' id='word_1_177' title='bbox 823 1682 939 1721; x_wconf 89' lang='lat' dir='ltr'><strong>simul</strong></span> <span class='ocrx_word' id='word_1_178' title='bbox 958 1713 966 1722; x_wconf 92' lang='lat'><strong>.</strong></span> <span class='ocrx_word' id='word_1_179' title='bbox 1024 1684 1129 1721; x_wconf 90' lang='lat' dir='ltr'><strong>venit</strong></span> <span class='ocrx_word' id='word_1_180' title='bbox 1158 1684 1300 1721; x_wconf 87' lang='lat' dir='ltr'><strong>inritus</strong></span> <span class='ocrx_word' id='word_1_181' title='bbox 1331 1682 1421 1721; x_wconf 93' lang='lat' dir='ltr'><strong>illuc</strong></span> 
     </span>
     <span class='ocr_line' id='line_1_29' title="bbox 374 1740 1337 1792; baseline 0.001 -13"><span class='ocrx_word' id='word_1_182' title='bbox 374 1741 563 1780; x_wconf 89' lang='lat' dir='ltr'><strong>Romulus</strong></span> <span class='ocrx_word' id='word_1_183' title='bbox 583 1772 593 1792; x_wconf 90' lang='lat'>‚</span> <span class='ocrx_word' id='word_1_184' title='bbox 626 1746 664 1779; x_wconf 92' lang='lat' dir='ltr'><strong>et</strong></span> <span class='ocrx_word' id='word_1_185' title='bbox 695 1753 848 1779; x_wconf 88' lang='lat' dir='ltr'><strong>mensas</strong></span> <span class='ocrx_word' id='word_1_186' title='bbox 881 1752 1044 1791; x_wconf 89' lang='lat' dir='ltr'><strong>ossaque</strong></span> <span class='ocrx_word' id='word_1_187' title='bbox 1077 1741 1181 1779; x_wconf 88' lang='lat' dir='ltr'><strong>nuda</strong></span> <span class='ocrx_word' id='word_1_188' title='bbox 1211 1740 1337 1780; x_wconf 85' lang='lat' dir='ltr'><strong>videt.</strong></span> 
     </span>
     <span class='ocr_line' id='line_1_30' title="bbox 316 1798 1360 1851; baseline -0.001 -13"><span class='ocrx_word' id='word_1_189' title='bbox 316 1800 444 1851; x_wconf 81' lang='lat' dir='ltr'><strong>Risit,</strong></span> <span class='ocrx_word' id='word_1_190' title='bbox 476 1806 514 1838; x_wconf 92' lang='lat' dir='ltr'><strong>et</strong></span> <span class='ocrx_word' id='word_1_191' title='bbox 545 1799 710 1838; x_wconf 89' lang='lat' dir='ltr'><strong>indoluit</strong></span> <span class='ocrx_word' id='word_1_192' title='bbox 741 1798 879 1837; x_wconf 90' lang='lat' dir='ltr'><strong>Fabios</strong></span> <span class='ocrx_word' id='word_1_193' title='bbox 910 1800 1085 1850; x_wconf 89' lang='lat' dir='ltr'><strong>potuisse</strong></span> <span class='ocrx_word' id='word_1_194' title='bbox 1117 1798 1360 1850; x_wconf 88' lang='lat' dir='ltr'><strong>Remumque</strong></span> 
     </span>
     <span class='ocr_line' id='line_1_31' title="bbox 373 1856 1267 1908; baseline 0.002 -14"><span class='ocrx_word' id='word_1_195' title='bbox 373 1857 536 1896; x_wconf 90' lang='lat' dir='ltr'><strong>Vincere</strong></span> <span class='ocrx_word' id='word_1_196' title='bbox 555 1889 566 1908; x_wconf 85' lang='lat'><em>‚</em></span> <span class='ocrx_word' id='word_1_197' title='bbox 598 1856 805 1902; x_wconf 87' lang='lat' dir='ltr'><strong>Quintilios</strong></span> <span class='ocrx_word' id='word_1_198' title='bbox 838 1869 915 1896; x_wconf 90' lang='lat' dir='ltr'><strong>non</strong></span> <span class='ocrx_word' id='word_1_199' title='bbox 946 1858 1121 1908; x_wconf 90' lang='lat' dir='ltr'><strong>potuisse</strong></span> <span class='ocrx_word' id='word_1_200' title='bbox 1153 1868 1267 1896; x_wconf 89' lang='lat' dir='ltr'><strong>suos.</strong></span> 
     </span>
     <span class='ocr_line' id='line_1_32' title="bbox 315 1915 1361 1966; baseline -0.002 -11"><span class='ocrx_word' id='word_1_201' title='bbox 315 1916 430 1955; x_wconf 90' lang='lat' dir='ltr'><strong>Fama</strong></span> <span class='ocrx_word' id='word_1_202' title='bbox 461 1921 591 1954; x_wconf 86' lang='lat' dir='ltr'><strong>manet</strong></span> <span class='ocrx_word' id='word_1_203' title='bbox 623 1916 713 1953; x_wconf 83' lang='lat' dir='ltr'><strong>sacti</strong></span> <span class='ocrx_word' id='word_1_204' title='bbox 733 1946 741 1953; x_wconf 94' lang='lat'>.</span> <span class='ocrx_word' id='word_1_205' title='bbox 797 1916 922 1966; x_wconf 88' lang='lat' dir='ltr'><strong>posito</strong></span> <span class='ocrx_word' id='word_1_206' title='bbox 955 1915 1141 1954; x_wconf 89' lang='lat' dir='ltr'><strong>velamine</strong></span> <span class='ocrx_word' id='word_1_207' title='bbox 1174 1921 1361 1966; x_wconf 84' lang='lat' dir='ltr'><strong>currunt,</strong></span> 
     </span>
     <span class='ocr_line' id='line_1_33' title="bbox 228 1973 1448 2024; baseline -0.002 -11"><span class='ocrx_word' id='word_1_208' title='bbox 228 1982 296 2014; x_wconf 85' lang='lat'><strong>380</strong></span> <span class='ocrx_word' id='word_1_209' title='bbox 373 1973 422 2013; x_wconf 91' lang='lat' dir='ltr'><strong>Et</strong></span> <span class='ocrx_word' id='word_1_210' title='bbox 453 1985 665 2013; x_wconf 88' lang='lat' dir='ltr'><strong>memorem</strong></span> <span class='ocrx_word' id='word_1_211' title='bbox 697 1973 836 2012; x_wconf 88' lang='lat' dir='ltr'><strong>famam</strong></span> <span class='ocrx_word' id='word_1_212' title='bbox 868 1973 971 2024; x_wconf 90' lang='lat' dir='ltr'><strong>quod</strong></span> <span class='ocrx_word' id='word_1_213' title='bbox 1003 1973 1102 2012; x_wconf 90' lang='lat' dir='ltr'><strong>bene</strong></span> <span class='ocrx_word' id='word_1_214' title='bbox 1134 1975 1280 2024; x_wconf 87' lang='lat' dir='ltr'><strong>cessit,</strong></span> <span class='ocrx_word' id='word_1_215' title='bbox 1311 1973 1448 2012; x_wconf 88' lang='lat' dir='ltr'><strong>habet.</strong></span> 
     </span>
     <span class='ocr_line' id='line_1_34' title="bbox 316 2030 1456 2083; baseline -0.001 -12"><span class='ocrx_word' id='word_1_216' title='bbox 316 2032 494 2071; x_wconf 89' lang='lat' dir='ltr'><strong>Forsitan</strong></span> <span class='ocrx_word' id='word_1_217' title='bbox 527 2038 566 2071; x_wconf 85' lang='lat' dir='ltr'><strong>et</strong></span> <span class='ocrx_word' id='word_1_218' title='bbox 599 2043 790 2083; x_wconf 87' lang='lat' dir='ltr'><strong>quaeras,</strong></span> <span class='ocrx_word' id='word_1_219' title='bbox 823 2043 893 2070; x_wconf 88' lang='lat' dir='ltr'><strong>cur</strong></span> <span class='ocrx_word' id='word_1_220' title='bbox 925 2033 976 2070; x_wconf 88' lang='lat' dir='ltr'><strong>sit</strong></span> <span class='ocrx_word' id='word_1_221' title='bbox 1006 2031 1115 2070; x_wconf 88' lang='lat' dir='ltr'><strong>locus</strong></span> <span class='ocrx_word' id='word_1_222' title='bbox 1147 2031 1210 2069; x_wconf 93' lang='lat' dir='ltr'><strong>ille</strong></span> <span class='ocrx_word' id='word_1_223' title='bbox 1244 2030 1456 2083; x_wconf 90' lang='lat' dir='ltr'><strong>Lupercal,</strong></span> 
     </span>
     <span class='ocr_line' id='line_1_35' title="bbox 376 2089 1257 2136; baseline -0.002 -7"><span class='ocrx_word' id='word_1_224' title='bbox 376 2091 529 2136; x_wconf 87' lang='lat' dir='ltr'><strong>Quaeve</strong></span> <span class='ocrx_word' id='word_1_225' title='bbox 562 2089 664 2129; x_wconf 92' lang='lat' dir='ltr'><strong>diem</strong></span> <span class='ocrx_word' id='word_1_226' title='bbox 695 2089 761 2128; x_wconf 89' lang='lat' dir='ltr'><strong>tali</strong></span> <span class='ocrx_word' id='word_1_227' title='bbox 793 2091 947 2128; x_wconf 89' lang='lat' dir='ltr'><strong>nomine</strong></span> <span class='ocrx_word' id='word_1_228' title='bbox 980 2101 1094 2128; x_wconf 87' lang='lat' dir='ltr'><strong>causa</strong></span> <span class='ocrx_word' id='word_1_229' title='bbox 1126 2094 1257 2128; x_wconf 87' lang='lat' dir='ltr'><strong>notet.</strong></span> 
     </span>
     <span class='ocr_line' id='line_1_36' title="bbox 318 2147 1163 2198; baseline 0 -12"><span class='ocrx_word' id='word_1_230' title='bbox 318 2148 432 2187; x_wconf 77' lang='lat' dir='ltr'><strong>Silvia</strong></span> <span class='ocrx_word' id='word_1_231' title='bbox 465 2148 627 2187; x_wconf 85' lang='lat' dir='ltr'><strong>Vestalis</strong></span> <span class='ocrx_word' id='word_1_232' title='bbox 660 2147 839 2186; x_wconf 88' lang='lat' dir='ltr'><strong>caelestia</strong></span> <span class='ocrx_word' id='word_1_233' title='bbox 871 2149 1017 2186; x_wconf 89' lang='lat' dir='ltr'><strong>semina</strong></span> <span class='ocrx_word' id='word_1_234' title='bbox 1049 2152 1163 2198; x_wconf 87' lang='lat' dir='ltr'><strong>partu</strong></span> 
     </span>
     <span class='ocr_line' id='line_1_37' title="bbox 374 2206 1222 2258; baseline -0.001 -13"><span class='ocrx_word' id='word_1_235' title='bbox 374 2206 585 2258; x_wconf 84' lang='lat' dir='ltr'><strong>Ediderat,</strong></span> <span class='ocrx_word' id='word_1_236' title='bbox 617 2213 756 2257; x_wconf 82' lang='lat' dir='ltr'><strong>patruo</strong></span> <span class='ocrx_word' id='word_1_237' title='bbox 788 2218 907 2257; x_wconf 86' lang='lat' dir='ltr'><strong>regna</strong></span> <span class='ocrx_word' id='word_1_238' title='bbox 938 2212 1095 2244; x_wconf 89' lang='lat' dir='ltr'><strong>tenente</strong></span> <span class='ocrx_word' id='word_1_239' title='bbox 1129 2217 1222 2244; x_wconf 88' lang='lat' dir='ltr'><strong>suo.</strong></span> 
     </span>
     <span class='ocr_line' id='line_1_38' title="bbox 230 2264 1310 2316; baseline 0 -13"><span class='ocrx_word' id='word_1_240' title='bbox 230 2264 353 2304; x_wconf 69' lang='lat'>38515</span> <span class='ocrx_word' id='word_1_241' title='bbox 385 2264 493 2303; x_wconf 76' lang='lat' dir='ltr'><strong>iubet</strong></span> <span class='ocrx_word' id='word_1_242' title='bbox 525 2266 669 2303; x_wconf 76' lang='lat' dir='ltr'><strong>auferri</strong></span> <span class='ocrx_word' id='word_1_243' title='bbox 701 2276 840 2316; x_wconf 81' lang='lat' dir='ltr'><strong>parvos</strong></span> <span class='ocrx_word' id='word_1_244' title='bbox 872 2269 911 2302; x_wconf 91' lang='lat' dir='ltr'><strong>et</strong></span> <span class='ocrx_word' id='word_1_245' title='bbox 941 2265 981 2302; x_wconf 90' lang='lat' dir='ltr'><strong>in</strong></span> <span class='ocrx_word' id='word_1_246' title='bbox 1013 2275 1124 2303; x_wconf 90' lang='lat' dir='ltr'><strong>amne</strong></span> <span class='ocrx_word' id='word_1_247' title='bbox 1156 2265 1310 2303; x_wconf 89' lang='lat' dir='ltr'><strong>necari.</strong></span> 
     </span>
    </p>
   </div>
  </div>
 </body>
</html>
