1575 2489
154 82 238 123 332
686 82 937 115 FASTORUM

724 210 791 251 22.
822 209 904 250 FN

270 293 391 332 Nocte
424 297 611 343 sequente
644 292 746 330 diem
779 294 884 330 canis
916 291 1149 343 Erigoneius
1182 294 1282 331 exit.

328 350 398 389 Est
429 350 502 389 alio
535 351 635 400 signi
667 349 818 388 reddita
850 362 966 389 causa
996 350 1104 389 loco.

625 440 692 481 23.
725 439 761 481 G
788 438 1004 481 TVB-N)

184 532 249 563 725
271 524 451 562 Proxima
482 522 642 562 Volcani
672 523 738 562 lux
771 529 858 575 est,
890 522 1130 562 Tubilustria
1161 524 1318 562 dicunt:
1404 532 1475 564 (190)

328 581 564 621 Lustrantur
594 593 714 632 purae
733 612 744 632 ‚
777 593 872 631 quas
904 582 995 621 facit
1026 581 1088 620 ille
1108 613 1119 633 ,
1149 581 1289 621 tubae.

624 672 690 713 24.
723 670 1008 719 HQ-RGF

271 755 463 801 Quattuor
494 754 583 792 inde
615 756 718 793 notis
749 754 858 794 locus
897 761 985 807 est,
1024 754 1166 806 quibus
1198 756 1334 794 ordine
1365 755 1476 795 lectis

329 812 396 851 Vel
427 824 510 851 mos
542 824 742 852 sacrorum
761 843 772 864 ,
804 812 863 851 vel
894 813 983 864 fuga
1014 815 1118 864 regis
1148 815 1272 854 inest.

371 904 436 944 25.
470 901 550 944 AO
613 904 680 943 26.
712 902 788 944 BC
850 904 916 944 27.
950 902 1022 945 CC
1084 904 1150 945 28.
1183 902 1262 944 DO

490 961 557 1002 29.
588 960 666 1002 EC
729 962 795 1002 30.
826 960 901 1002 FC
964 962 1029 1002 31.
1057 960 1134 1002 GC

270 1043 350 1082 Nec
381 1049 420 1082 te
452 1050 655 1095 praetereo
674 1075 685 1095 ,
716 1044 850 1095 populi
882 1044 1052 1083 Fortuna
1083 1046 1254 1095 potentis

182 1110 251 1140 730
330 1101 518 1149 Publica,
552 1103 615 1140 eui
646 1101 834 1152 templum
864 1101 951 1140 luce
984 1107 1171 1151 sequente
1204 1102 1335 1141 datum
1367 1108 1448 1141 est.

269 1159 375 1198 Hanc
408 1159 475 1198 ubi
508 1159 614 1198 dives
646 1161 756 1210 aquis
789 1160 983 1211 acceperit
1013 1159 1269 1212 Amphitrite,

330 1217 445 1256 Grata
476 1216 556 1256 Iovi
588 1216 713 1256 fulvae
745 1223 873 1256 rostra
904 1216 1052 1255 videbis
1084 1219 1185 1256 avis.

270 1276 431 1315 Auferet
462 1287 508 1314 ex
541 1275 665 1314 oculis
697 1277 856 1314 veniens
889 1287 1027 1314 aurora
1059 1275 1229 1326 Booten,

329 1334 601 1385 Continuaque
634 1333 695 1372 die
727 1333 836 1372 sidus
867 1333 1027 1385 Hyantis
1060 1335 1156 1372 erit.

584 1514 766 1567 LIBER
803 1514 1050 1568 SEXTUS.

269 1634 339 1673 llic
373 1646 528 1686 quoque
561 1636 705 1673 mensis
736 1633 853 1673 hahet
884 1634 1021 1673 dubias
1058 1636 1098 1673 in
1130 1637 1285 1673 nomine
1318 1647 1475 1674 causas.

329 1692 433 1738 Quae
466 1692 672 1743 placeant,
703 1694 839 1743 positis
872 1692 1053 1731 omnibus
1085 1694 1167 1743 ipse
1200 1693 1324 1744 leges.

269 1750 385 1789 Facta
417 1762 577 1802 canam,
611 1750 678 1789 sed
711 1756 852 1801 erunt,
879 1752 945 1801 qui
971 1762 1031 1788 me
1058 1751 1213 1789 finxisse
1246 1750 1475 1803 loquantur,

327 1808 517 1860 Nullaque
549 1807 703 1847 mortali
736 1809 893 1846 numina
926 1809 1004 1846 visa
1036 1814 1196 1859 putent.

230 1875 247 1905 5
268 1866 339 1905 Est
370 1867 465 1905 deus
497 1868 537 1904 in
569 1865 682 1905 nobis
701 1897 712 1918 ,
744 1868 911 1916 agitante
945 1866 1172 1905 calescimus
1203 1866 1290 1905 illo:

327 1924 498 1976 Impetus
530 1924 593 1963 hic
626 1936 757 1962 sacrae
790 1925 937 1962 semina
968 1926 1108 1963 mentis
1139 1924 1276 1964 habet.

271 1982 342 2021 Fas
376 1982 469 2021 mihi
501 1984 710 2034 praecipue
743 1982 869 2021 voltus
902 1981 1042 2021 vidisse
1075 1983 1257 2034 deorum,

328 2040 395 2079 Vel
427 2042 515 2091 quia
548 2052 634 2079 sum
665 2045 772 2079 vates
791 2072 802 2092 ‚
833 2040 892 2078 vel
923 2042 1011 2091 quia
1045 2052 1152 2079 sacra
1184 2052 1301 2079 can0.

270 2098 339 2137 Est
370 2110 507 2137 nemus
541 2098 746 2137 arboribus
778 2098 941 2137 densum
960 2129 971 2150 ,
1003 2103 1178 2137 secretus
1210 2098 1256 2136 ab
1289 2101 1393 2138 omni

209 2165 249 2195 10
329 2156 429 2195 Voce
462 2157 600 2204 locus,
633 2158 666 2194 si
697 2168 773 2194 non
806 2155 1100 2206 obstreperetur
1132 2157 1264 2207 aquis.

269 2213 341 2253 Hic
373 2226 442 2265 ego
477 2214 738 2265 quaerebam,
771 2216 898 2265 coepti
930 2226 1026 2265 quae
1059 2216 1204 2253 mensis
1237 2216 1345 2266 origo

328 2272 472 2325 Esset,
504 2278 542 2311 et
572 2274 611 2311 in
644 2285 735 2311 cura
768 2273 935 2311 nominis
966 2272 1081 2311 huius
1115 2284 1242 2312 eram.
