1575 2489
569 77 596 109 1.
622 84 655 109 Π
675 79 823 111 26—97.
1281 75 1364 116 125

210 184 335 222 Mollia
367 183 578 234 naufragiis
610 183 723 223 litora
754 196 869 235 posse
901 184 1007 223 dari.

150 242 247 280 Cum
278 241 388 280 video
408 272 419 293 ,
451 254 566 292 quam
599 244 677 281 sint
708 255 790 281 mea
824 243 899 282 fata
931 244 1079 281 tenacia
1098 274 1109 294 ,
1140 242 1321 294 srangor3

210 300 385 351 Spesque
416 299 512 338 levis
544 312 682 351 magno
715 302 814 339 victa
847 303 985 340 timore
1019 301 1142 340 cadit.

86 366 130 398 65
150 358 230 396 Nec
261 364 390 396 tamen
421 357 588 396 ulterius
622 360 828 409 quicquam
862 371 1024 410 sperove
1056 371 1268 410 precorve,

212 416 336 462 Quam
366 415 464 454 male
496 421 643 454 mutato
676 429 791 467 posse
825 429 958 456 carere
989 417 1099 457 loeo.

148 474 226 513 Aut
256 474 330 512 11οο
349 505 360 524 ,
391 479 457 512 3111
488 474 583 512 nihil
615 480 703 526 est,
740 487 811 526 pro
844 488 904 514 me
937 481 1126 526 temptare
1159 475 1333 514 modeste

208 532 337 571 Gratia
371 531 474 582 quod
507 532 610 570 salvo
643 538 769 572 vestra
800 534 951 584 pudore
984 539 1123 584 queat.

151 590 313 640 Suscipe
333 621 343 641 ,
375 590 568 628 Romanae
602 591 779 629 facundia
799 623 809 643 ,
841 591 1035 645 Maxime,
1065 591 1219 641 linguae

84 658 128 689 70
206 648 381 686 Difficilis
414 660 552 687 causae
584 651 676 687 mite
708 651 995 700 patrocinium.

147 706 217 745 Est
248 706 375 758 mala,
408 707 624 746 confiteor:
669 708 736 746 sed
768 714 806 746 te
838 708 937 746 bona
970 708 1036 745 fiet
1067 712 1228 757 agente:

206 764 324 803 Lenia
356 777 426 815 pro
459 766 600 803 misera
632 766 690 803 fac
722 765 836 803 modo
868 765 985 804 verba
1017 766 1128 815 suga.

148 823 283 862 Nescit
314 824 416 861 0111111
450 823 618 875 Caesar,
651 825 824 874 quamvis
858 823 954 862 deus
987 825 1116 861 omnia
1147 824 1274 875 norit,

207 881 374 919 Ultimus
405 881 468 919 hic
500 894 575 932 qua
609 883 657 920 sit
689 881 917 920 condicione
950 881 1082 920 locus.

85 947 128 979 75
149 939 284 989 Magna
317 944 451 977 tenent
482 939 577 977 illud
611 952 756 978 numen
787 940 985 978 molimina
1016 951 1174 992 rerum3

206 997 308 1036 Haec
341 1003 401 1036 est
432 997 589 1036 caelesti
621 1004 779 1049 pectore
813 1010 906 1037 cura
938 1000 1087 1037 minor.

146 1056 226 1095 Nec
258 1061 395 1107 vacat,
427 1057 467 1094 in
500 1068 574 1106 qua
607 1058 684 1094 sint
715 1058 833 1107 positi
865 1058 1023 1107 regione
1056 1056 1253 1108 Tomitae,

206 1114 404 1159 Quaerere
424 1145 434 1165 ,
466 1115 630 1152 finitimo
663 1116 724 1152 vix
756 1115 839 1153 loca
872 1121 962 1153 nota
995 1115 1140 1153 Getae:

148 1173 225 1211 Aut
257 1172 348 1223 quid
378 1172 628 1211 Sauromatae
661 1173 824 1225 saciant,
859 1173 951 1223 quid
983 1173 1137 1223 Iazyges
1171 1184 1305 1224 acres,

83 1239 127 1269 80
207 1230 395 1281 Cultaque
429 1230 614 1269 Oresteae
646 1231 811 1269 Taurica
843 1237 947 1269 terra
980 1231 1098 1270 deae:

151 1289 335 1339 Quaeque
362 1288 456 1327 aliae
483 1294 644 1341 gentes,
676 1289 743 1327 ubi
770 1290 913 1340 frigore
941 1291 1116 1328 constitit
1140 1289 1293 1342 Hister,
1326 1297 1365 1328 (8)

207 1347 310 1385 Dura
341 1351 470 1385 meant
503 1347 621 1385 celeri
653 1352 760 1398 terga
792 1360 862 1398 per
894 1349 1017 1386 amnis
1050 1359 1173 1398 equo.

148 1405 312 1443 Maxima
343 1417 434 1455 pars
465 1405 667 1444 hominum
699 1418 771 1443 nec
804 1412 842 1444 te
862 1437 872 1457 ,
904 1405 1167 1457 pulcherrima
1186 1437 1197 1457 ‚
1230 1411 1365 1457 curat,

206 1463 325 1501 Roma
344 1494 355 1514 ,
387 1475 458 1501 nec
493 1463 651 1502 Ausonii
683 1464 817 1502 militis
849 1476 953 1502 arma
986 1466 1118 1503 timet.

84 1529 129 1560 85
150 1521 247 1560 Dant
279 1521 354 1560 illis
386 1523 534 1560 animos
566 1534 680 1560 arcus
711 1522 926 1573 plenaeque
958 1522 1164 1573 pharetrae

208 1580 408 1630 Quamque
441 1579 536 1618 libet
568 1580 692 1630 longis
725 1580 907 1619 cursibus
940 1586 1054 1631 aptus
1087 1592 1234 1633 equus,

151 1638 340 1688 Quodque
367 1639 470 1676 sitim
503 1638 673 1677 didicere
707 1639 773 1677 diu
805 1639 971 1677 tolerare
1005 1639 1246 1690 saniemque,

209 1696 398 1746 Quodque
431 1708 600 1747 sequens
632 1696 757 1735 nullas
789 1697 913 1736 hostis
944 1696 1103 1735 habehit
1134 1709 1277 1748 aquas,

150 1754 211 1792 Ira
242 1755 314 1791 viri
346 1756 450 1792 1111115
482 1767 559 1793 11011
593 1767 653 1793 me
686 1757 858 1794 misisset
889 1758 928 1794 in
961 1757 1098 1808 istam,

87 1820 130 1850 90
211 1811 251 1850 Si
283 1814 375 1850 satis
407 1812 502 1851 haec
533 1813 588 1851 illi
620 1819 710 1852 nota
742 1814 881 1852 fuisset
911 1814 1079 1853 humus.

149 1869 228 1908 Nec
261 1882 321 1908 me
341 1901 351 1921 ,
377 1883 448 1909 nec
476 1883 708 1922 quemquam
735 1871 950 1911 Romanuin
977 1872 1120 1923 gaudet
1152 1872 1198 1910 ab
1230 1872 1365 1924 hoste,

207 1928 345 1979 Meque
378 1930 537 1981 minus,
571 1931 685 1968 vitam
718 1932 782 1969 cui
813 1930 927 1969 dabat
959 1932 1071 1982 ipse,
1104 1932 1212 1981 capi.

150 1985 309 2038 Noluit,
342 1992 385 2025 ut
416 1993 598 2038 poterat,
630 1989 790 2026 minimo
822 2001 884 2027 me
916 1989 1081 2040 perdere
1113 1993 1236 2027 nutu.

209 2044 270 2082 Nil
303 2057 399 2096 opus
433 2051 491 2084 est
523 2045 611 2084 ullis
644 2048 683 2084 in
715 2059 800 2085 mea
832 2048 908 2085 sata
941 2046 1070 2085 Getis.

87 2110 131 2140 95
153 2101 227 2140 Sed
259 2115 415 2156 neque,
447 2116 517 2143 cur
549 2116 753 2157 morerer,
786 2107 994 2156 quicquam
1026 2104 1121 2143 mihi
1153 2106 1343 2157 comperit

875 2169 1027 2215 30111111,

209 2217 258 2257 Ε1
289 2221 417 2259 minus
449 2222 643 2273 infestus,
677 2234 792 2272 quam
826 2222 927 2273 11111,
961 2233 1046 2260 esse
1078 2227 1230 2272 potest.

153 2275 261 2315 Tunc
294 2290 448 2329 quoque
480 2280 533 2318 nil
566 2280 685 2331 secit,
719 2281 795 2318 nisi
821 2280 924 2331 quod
957 2280 1085 2319 facere
1116 2281 1200 2332 ipse
1232 2281 1364 2331 coegi:
