1601 2484
153 47 210 89 22
706 46 932 79 Γ[1115111111

272 156 313 195 Si
345 168 412 208 spe
446 160 564 207 sunt,
596 159 640 193 ut
672 159 792 206 sunt,
823 153 1009 192 inferiora
1039 158 1116 193 tua.

270 214 356 253 Non
381 214 476 252 haec
502 214 542 251 in
568 213 738 263 nostris,
769 217 813 250 ut
839 211 1057 265 quondam,
1089 212 1318 263 scripsimus
1337 210 1486 263 hortis,

270 272 379 323 Nec,
411 276 597 310 consuete
617 301 627 321 ,
660 281 819 321 meum,
850 269 991 309 lectule
1010 301 1021 323 ,
1053 282 1196 321 corpus
1228 269 1371 309 habes.

270 330 396 368 Iactor
427 330 467 367 in
500 328 688 366 indomito
720 327 886 366 brumali
916 328 1004 367 luce
1035 329 1253 380 profundo,

206 396 251 427 40
272 388 437 439 Ipsaque
470 385 660 425 caeruleis
693 385 825 424 charta
857 387 998 425 feritur
1029 388 1163 438 aquis.

270 444 449 496 Improba
480 449 627 496 pugnat
658 444 782 482 hiems
813 444 1116 496 indignaturque
1135 475 1147 496 ,
1180 444 1283 496 quod
1316 445 1440 484 ausim

274 503 456 542 Scribere
488 515 529 541 56
561 501 705 553 rigidas
737 504 952 541 incutiente
985 505 1130 541 minas.

269 562 406 600 Vincat
430 561 555 599 hiems
581 559 799 599 hominem!
832 561 900 599 sed
926 560 1062 600 eodem
1088 567 1289 614 tempore,
1322 572 1488 613 quaeSO,

271 620 357 672 Ipse
390 619 547 658 modum
580 625 747 658 statuam
780 620 991 671 carminis,
1023 618 1085 658 illa
1118 621 1201 658 sui.

545 742 727 796 LIBER
765 741 1096 796 SECUNDUS.

272 852 373 898 Quid
404 852 500 891 mihi
531 851 731 890 vobiscum
764 856 852 902 est,
884 851 1018 889 infelix
1051 863 1173 903 cura,
1205 851 1347 903 libelli,

272 911 427 961 Ingenio
460 912 560 961 perii
591 912 658 961 qui
690 911 809 948 miser
840 911 922 960 ipse
955 907 1076 948 meo?

273 969 351 1007 Cur
383 969 496 1007 modo
530 968 727 1006 damnatas
758 974 894 1019 repeto
914 999 924 1019 ,
956 980 1040 1006 mea
1072 969 1234 1006 crimina
1255 999 1264 1016 ,
1296 965 1461 1007 Musas?

273 1028 330 1065 An
362 1027 482 1065 semel
514 1032 574 1065 est
603 1038 768 1077 poenam
801 1028 1080 1064 commeruisse
1112 1024 1284 1077 parum?

233 1094 253 1124 5
274 1085 452 1123 Carmina
483 1085 690 1135 fecerunt,
728 1090 772 1123 ut
804 1096 865 1122 me
897 1096 1133 1134 cognoscere
1165 1084 1279 1123 vellet

274 1143 411 1182 Omine
444 1155 522 1181 non
555 1144 681 1181 fausto
714 1143 856 1180 femina
888 1144 1024 1192 virque
1058 1154 1167 1181 meo:

275 1202 453 1240 Carmina
485 1201 692 1252 fecerunt,
724 1206 768 1239 ut
798 1212 859 1238 me
892 1212 1099 1251 moresque
1133 1205 1285 1240 notaret

273 1260 352 1298 13111
384 1259 541 1298 demum
572 1260 652 1296 visa
685 1257 826 1296 Caesar
858 1257 904 1296 ab
936 1259 1028 1296 Arte
1062 1270 1168 1297 mea.

273 1319 391 1357 Deme
424 1318 518 1356 mihi
550 1317 722 1355 studium
742 1348 752 1368 ,
790 1318 888 1355 vitae
922 1328 1077 1367 1111011116
1110 1318 1271 1355 6111111113
1304 1317 1458 1356 11611165.

212 1385 254 1416 10
274 1377 487 1428 Acceptum
521 1376 648 1414 refero
681 1374 859 1413 versibus
878 1405 889 1426 ,
921 1387 1007 1413 esse
1039 1387 1207 1413 nocens.

275 1435 356 1473 Hoc
388 1436 559 1485 pretium
591 1445 708 1472 curae
740 1432 1062 1483 vigilatorumque
1094 1432 1269 1471 laborum

275 1493 486 1544 CepimuS.
530 1493 686 1542 ingenio
720 1497 779 1530 est
810 1503 934 1542 poena
966 1497 1120 1541 reperta
1153 1504 1261 1530 meo.

276 1551 317 1589 Si
349 1562 554 1601 saperem,
586 1550 720 1588 doctas
752 1549 921 1588 odissem
952 1550 1037 1588 iure
1071 1561 1250 1602 sorores,

275 1610 443 1648 Numina
475 1608 617 1647 cultori
648 1609 868 1659 perniciosa
900 1620 993 1646 5110.

213 1676 255 1707 15
276 1669 324 1706 At
357 1679 462 1706 nunc
487 1687 545 1694 ——
575 1673 681 1705 tanta
714 1678 801 1705 meo
834 1678 964 1704 comes
998 1672 1058 1704 est
1090 1668 1239 1704 insania
1272 1666 1407 1705 morbo
1437 1686 1486 1694 —-

277 1726 374 1764 Saxa
406 1725 549 1764 malum
581 1725 709 1763 refero
742 1737 881 1763 rursus
913 1724 958 1762 ad
992 1726 1063 1763 ista
1096 1724 1257 1775 pedem:

278 1784 436 1823 Scilicet
466 1791 510 1823 111
541 1784 665 1822 victus
698 1785 841 1834 repetit
872 1783 1059 1833 gladiator
1090 1783 1298 1835 harenam,

276 1842 326 1881 Et
356 1842 458 1881 redit
489 1844 529 1881 in
561 1841 728 1880 tumidas
760 1842 945 1891 naufraga
976 1843 1117 1892 puppis
1149 1853 1290 1892 aquas.

276 1901 482 1952 Forsitan,
514 1906 558 1939 ut
589 1899 782 1951 quondam
816 1899 1069 1938 Teuthrantia
1101 1912 1220 1950 regna
1252 1901 1426 1952 tenenti,

213 1968 256 1999 20
279 1960 342 1998 Sic
375 1959 468 1997 mihi
500 1971 563 1997 res
596 1958 730 1997 eadem
762 1957 902 1996 vulnus
935 1970 1126 2009 opemque
1160 1959 1281 2010 seret,

277 2017 464 2068 Musaque
484 2049 494 2069 ,
527 2029 642 2068 quam
673 2018 819 2068 movit,
858 2022 1002 2055 motam
1035 2028 1189 2067 quoque
1221 2016 1341 2055 leniet
1371 2018 1492 2056 iram:

277 2076 449 2114 Exorant
479 2087 639 2127 magnos
672 2076 842 2113 carmina
874 2087 988 2126 saepe
1022 2075 1139 2113 deos.

279 2135 364 2184 Ipse
397 2146 553 2185 quoque
585 2134 775 2172 Ausonias
808 2132 947 2172 Caesar
980 2139 1202 2184 matresque
1237 2145 1438 2184 nurusque

278 2192 455 2231 Carmina
487 2193 705 2243 turrigerae
737 2191 866 2230 dicere
899 2193 1013 2230 iussit
1045 2191 1141 2242 Opi.

214 2258 257 2290 25
278 2250 450 2290 Iusserat
481 2256 520 2290 61
551 2250 709 2289 Phoebo
742 2250 840 2302 dici,
874 2262 949 2301 quo
982 2257 1156 2301 tempore
1188 2250 1300 2289 ludos
