1601 2484
1312 82 1396 115 XXI

64 187 234 236 spatium
272 188 348 225 erit
384 187 688 226 concedendum:
730 188 945 238 elegiarum
982 189 1135 226 nullum
1166 189 1242 228 fuit
1277 190 1396 228 inter:

63 246 215 284 stitium
245 258 369 295 neque
400 245 673 294 inscriptiones
704 247 808 284 ullae
839 247 880 284 in
912 248 1136 297 archetypo.

179 304 402 342 Primarum
432 304 556 353 igitur
586 303 820 353 paginarum
841 299 906 357 (2)
928 307 968 343 et
987 301 1051 357 (3)
1079 305 1242 344 eandem
1268 307 1396 345 condi-

61 362 210 400 cionem
241 364 335 411 puto
360 362 492 410 fuisse,
524 374 642 411 quam
673 366 853 412 quartae:
887 364 1076 402 detritum
1102 377 1223 402 unum
1247 365 1289 403 in
1315 378 1394 403 om-

62 421 177 458 nibus
210 420 415 468 distichon,
448 421 612 458 suffecta
642 421 789 469 ubique
821 421 924 470 bina,
956 422 1123 460 fortasse
1154 435 1233 460 non
1265 424 1395 462 omnia

61 478 198 516 eodem
240 481 428 527 tempore.
501 478 668 516 disticha
713 481 765 517 65
812 479 861 517 ad
906 481 958 518 68
1003 481 1233 529 proscripsit
1275 483 1394 520 Bent-

60 537 178 584 leius,
222 537 392 574 alterum
431 549 510 574 non
540 539 703 586 propter
738 538 977 586 pentametri
1007 539 1224 576 clausulam
1258 541 1393 589 solam,

59 597 172 644 puto,
206 594 273 633 sed
303 597 466 644 propter
497 596 743 645 argutiarum
774 597 986 644 tumorem3
1026 596 1146 634 etiam
1176 599 1397 645 proximum

58 654 174 702 plane
207 656 399 702 evagatur
431 667 453 691 a
485 654 680 692 sententia
711 654 910 692 instituta:
949 666 1027 692 non
1058 655 1105 692 de
1137 656 1259 692 animi
1290 656 1396 694 infir-

59 712 197 750 mitate
217 712 360 761 agit-ur,
393 714 437 750 ut
456 712 476 749 I
495 721 529 750 ΙΙ
552 713 618 760 55,
650 712 752 750 unde
783 713 879 750 haec
905 714 1076 761 sumpta,
1109 713 1176 751 sed
1196 714 1243 751 de
1263 727 1396 753 morsu

60 770 305 819 stimulisque
332 771 603 818 conscientiae,
635 771 702 819 qui
727 771 1041 809 reconciliatione
1067 772 1192 809 levari
1216 776 1393 821 possunt.

59 829 142 866 eius
188 829 271 877 spei
315 829 448 877 aliqua
491 829 637 866 mentio
681 841 816 867 versus
869 830 921 867 63
974 831 1013 867 et
1061 832 1113 868 68
1159 833 1396 881 conexuerit,

59 888 224 935 oportet.
298 886 402 924 inter
433 888 489 925 40
522 889 562 925 et
593 888 646 924 45
681 887 774 937 quid
807 887 1004 936 exciderit,
1037 888 1112 926 dici
1142 901 1221 927 non
1245 893 1394 938 potest:

57 945 317 994 interpolator
348 946 450 983 alter
479 948 641 994 propter
671 957 807 983 vocem
833 948 1019 984 vaticinor
1043 960 1077 985 v.
1105 948 1173 996 47,
1207 948 1310 997 quod
1336 952 1396 987 est

58 1016 102 1041 eo
135 1015 267 1052 sensu,
300 1016 375 1052 quo
407 1004 497 1041 Met.
531 1003 587 1041 VI
609 1005 689 1042 159
722 1004 795 1041 XV
823 1006 923 1053 174,
955 1007 1260 1055 vaticinatorem,
1292 1008 1396 1056 quod

57 1063 291 1101 vocabulum
329 1062 479 1100 duobus
517 1062 681 1100 saeculis
713 1060 851 1100 Ovidio
883 1063 1078 1101 recentius
1110 1076 1195 1102 esse
1230 1065 1394 1115 videtur,

59 1133 224 1170 eumque
256 1120 424 1163 Dianae,
463 1120 596 1169 plane,
636 1122 751 1169 puto,
790 1121 886 1158 alias
924 1122 1184 1171 incognitum,
1225 1123 1394 1162 induxit:

58 1180 159 1216 alter
190 1179 307 1216 aliter
339 1179 597 1216 excusandam
629 1179 949 1227 superstitionem
986 1180 1161 1229 putavit,
1203 1182 1316 1230 quasi
1346 1183 1392 1220 de

58 1237 130 1274 hac
160 1237 407 1285 potissimum
437 1249 480 1274 re
512 1239 708 1286 ageretur.

178 1295 447 1332 Proximarum
484 1303 566 1332 XIII
602 1295 836 1344 paginarum
869 1290 934 1348 (8)
980 1298 1155 1334 extrema
1199 1297 1392 1337 distichon

57 1353 188 1400 habet,
220 1353 323 1401 quod
354 1365 478 1401 neque
511 1353 710 1390 emendari
741 1366 856 1402 posse
887 1354 1055 1403 videtur,
1087 1368 1214 1404 neque
1246 1357 1304 1394 uti
1331 1358 1390 1396 edi

57 1412 168 1459 solet,
207 1423 363 1449 sensum
394 1411 530 1448 habet:
570 1407 635 1459 ‘di,
666 1412 771 1449 inter
803 1424 899 1461 quos
931 1413 1014 1461 ipse
1047 1412 1202 1463 Caesar,
1234 1415 1391 1465 faciant,

55 1471 100 1507 ut
144 1469 215 1507 sub
261 1469 334 1506 hoc
376 1470 485 1507 terra
527 1464 604 1507 sit'.
679 1469 924 1507 adiciendum
968 1473 1054 1508 erat
1095 1474 1186 1520 post
1230 1486 1265 1511 v.
1310 1476 1391 1512 100

55 1528 182 1566 velut:
215 1523 271 1565 ‘Si
303 1528 552 1565 maiestatem
584 1529 741 1565 sanctae
774 1528 981 1566 clementia
1007 1530 1161 1577 mentis,
1192 1531 1391 1571 Iustitiam

54 1586 192 1625 veniae
236 1586 269 1623 si
313 1586 523 1624 comitatur
571 1582 707 1624 amor'.
780 1598 949 1636 namque
994 1588 1076 1626 sine
1126 1589 1259 1638 aliqua
1308 1591 1390 1629 eius

53 1644 159 1682 modi
196 1644 445 1682 conversione
484 1644 586 1694 quod
623 1644 816 1694 sequitur,
855 1644 911 1683 At
947 1648 987 1684 tu
1023 1646 1295 1686 inconcinnum
1332 1650 1389 1687 fo-

53 1706 125 1741 ret.
192 1703 249 1740 ita
279 1715 371 1741 vero
405 1703 438 1741 si
468 1703 613 1753 pagina
642 1703 788 1752 finitur,
819 1704 970 1753 priores
995 1705 1085 1742 inde
1117 1717 1140 1743 a
1162 1702 1225 1757 (5)
1247 1707 1390 1746 alicubi

54 1759 254 1799 abundant
285 1761 468 1800 disticho:
507 1761 716 1800 delendum
746 1763 933 1812 proposui
963 1763 983 1800 I
1013 1772 1046 1801 11
1080 1765 1133 1802 36
1174 1766 1247 1813 37,
1286 1767 1390 1815 quod

53 1822 158 1858 certe
202 1832 503 1869 supervacuum,
545 1820 814 1870 importunum
850 1821 965 1871 adeo,
1009 1824 1200 1871 quantum
1245 1826 1388 1874 sentio;

51 1879 149 1917 nihil
180 1881 311 1917 tamen
350 1879 447 1917 certi
483 1879 714 1929 plerumque
751 1880 792 1917 in
831 1879 904 1919 hoc
941 1893 1095 1930 genere.
1171 1886 1390 1931 sequuntur

51 1938 218 1987 paginae
263 1933 326 1990 (9)
373 1937 422 1975 ad
459 1935 552 1989 (15)
588 1938 776 1988 integrae.
850 1940 994 1988 pagina
1032 1934 1127 1992 (16)
1168 1939 1311 1979 desinit
1348 1942 1389 1980 in

51 1996 278 2045 distichum,
321 1996 424 2045 quod
465 1996 669 2046 Heinsius,
715 1996 970 2046 Schraderus,
1015 1998 1082 2036 alii
1120 1998 1205 2036 iure
1242 2000 1387 2048 impro-

50 2054 206 2094 barunt.
279 2055 415 2104 quaeri
450 2058 600 2104 potest,
645 2068 739 2093 num
777 2058 1002 2105 suppletum
1041 2057 1092 2094 sit
1134 2069 1205 2105 pro
1249 2058 1387 2107 altero,

50 2113 153 2162 quod
185 2116 415 2162 evanuerat,
447 2126 497 2152 an
527 2126 551 2152 a
580 2114 731 2153 novicio
763 2115 1047 2164 interpolatore
1079 2114 1285 2153 adiectum.
1354 2117 1388 2155 si

49 2172 90 2209 in
119 2171 323 2220 proximis,
361 2173 501 2221 quibus
540 2172 586 2211 de
617 2173 869 2222 navigatione
900 2176 1040 2222 poetae
1073 2173 1232 2223 dicitur,
1271 2187 1388 2223 quam

48 2230 88 2267 in
120 2230 289 2268 Pontum
319 2230 448 2279 ipsum
473 2231 623 2270 nullam
648 2231 752 2280 fecit,
785 2232 1015 2270 recentioris
1041 2244 1180 2270 manus
1206 2233 1386 2271 fraudem

48 2289 239 2339 suspicari
269 2289 417 2339 liceret,
449 2290 576 2328 minus
607 2290 758 2340 negotii
790 2293 893 2329 esset
923 2291 965 2329 in
990 2290 1236 2341 difficultate,
1269 2305 1387 2341 quam
