1575 2489
178 79 232 121 78
731 80 955 114 TRISTHJM

294 189 481 227 Ponticus
512 188 633 226 heroo
653 218 664 239 ‚
695 187 839 226 Bassus
871 199 1026 239 quoque
1059 187 1187 227 clarus
1219 187 1356 227 iambis

294 246 428 285 Dulcia
461 247 663 284 convictus
695 244 869 284 membra
900 245 1009 285 fuere
1041 247 1140 298 mei3

295 304 344 342 Et
375 304 502 342 tenuit
534 309 687 342 nostras
719 315 953 343 numerosus
985 303 1169 343 Horatius
1195 316 1333 356 aures,

232 370 276 402 50
297 362 394 400 Dum
427 362 518 400 ferit
549 361 720 400 Ausonia
752 362 922 401 carmina
953 362 1054 401 culta
1087 362 1190 413 lyra.

296 419 506 470 Vergilium
537 419 614 457 vidi
646 425 826 471 tantum3
857 432 930 458 nec
963 432 1091 459 amara
1122 420 1274 459 Tibullo

297 477 467 528 Tempus
500 478 692 516 amicitiae
724 478 799 516 sata
831 477 973 517 dedere
1005 490 1136 517 meae.

299 536 512 575 Successor
544 536 617 574 fuit
648 535 711 574 hie
743 535 842 588 tibi,
875 535 979 575 Galle
998 568 1009 588 ,
1040 536 1270 588 Propertius
1302 535 1380 588 illi3

298 594 468 639 Quartus
501 593 547 632 ab
580 593 640 632 his
673 595 775 633 serie
807 595 994 645 temporis
1026 595 1108 645 ipse
1141 595 1224 634 fui.

234 661 276 692 55
298 652 424 703 thue
458 664 528 703 ego
561 653 757 703 maiores,
790 653 846 691 sic
878 663 938 690 me
972 651 1128 691 coluere
1160 654 1356 705 minores,

296 711 472 761 Notaque
504 722 582 749 non
614 710 723 749 tarde
755 710 855 749 sacta
887 709 1019 749 Thalia
1051 722 1135 749 mea
1167 716 1249 750 est.

298 768 477 808 Carmina
509 780 598 807 cum
630 769 800 819 primum
832 768 975 820 populo
1007 768 1198 807 iuvenalia
1228 768 1328 820 legi,

297 826 422 865 Barba
453 832 605 865 resecta
637 826 731 865 mihi
762 826 869 865 bisve
902 826 1068 866 semelve
1101 827 1196 866 fuit.

297 885 471 924 Moverat
502 886 702 936 ingenium
734 890 854 924 totam
887 891 1036 924 cantata
1067 897 1138 936 per
1170 884 1314 924 Urbem

237 952 280 984 60
300 943 464 982 Nomine
497 955 574 982 non
608 955 698 982 vero
730 943 832 982 dicta
864 942 1031 982 Corinna
1063 943 1180 982 mihi.

298 1001 417 1040 Multa
450 1001 605 1052 quidem
639 1002 808 1054 scripsi,
840 1001 908 1040 sed
941 1013 1038 1052 quae
1072 1002 1207 1040 vitiosa
1238 1002 1396 1053 putavi,

301 1059 576 1099 Emendaturis
607 1059 763 1111 ignibus
794 1061 878 1110 ipse
911 1059 1023 1098 dedi.

300 1117 409 1156 Tunc
443 1129 598 1169 quoque
618 1149 629 1169 ‚
662 1130 749 1156 cum
783 1118 987 1170 fugerem,
1020 1117 1206 1168 quaedam
1238 1117 1427 1169 placitura

804 1177 994 1227 cremavi,

301 1234 427 1272 Iratus
460 1233 589 1273 studio
623 1232 939 1284 carminibusque
971 1235 1093 1272 meis.

238 1300 280 1331 65
302 1292 414 1331 Molle
447 1291 672 1343 Cupidineis
704 1304 776 1331 nec
807 1291 1106 1343 inexpugnabile
1139 1291 1225 1331 telis

302 1351 377 1389 Cor
409 1350 534 1402 mihi,
568 1350 750 1401 quodque
782 1349 877 1390 levis
909 1363 1024 1390 causa
1056 1356 1259 1402 moveret,
1292 1355 1396 1390 erat.

302 1409 399 1447 Cum
432 1415 559 1447 tamen
594 1409 657 1447 hic
691 1421 817 1447 essem
836 1440 847 1461 ‚
878 1410 1117 1460 minimoque
1143 1408 1379 1448 accenderer
1411 1409 1514 1462 igni,

302 1467 466 1506 Nomine
499 1466 572 1506 sub
605 1473 739 1506 nostro
772 1466 900 1506 sabula
933 1467 1036 1506 nulla
1069 1467 1163 1506 suit.

302 1525 428 1564 Paene
463 1525 556 1563 mihi
589 1537 710 1576 puero
743 1537 816 1564 nec
848 1525 962 1575 digna
994 1537 1065 1564 nee
1098 1524 1204 1564 utilis
1238 1537 1335 1564 uxor

240 1593 282 1623 70
303 1583 373 1622 Est
405 1583 520 1635 data,
553 1595 650 1634 quae
683 1589 838 1634 tempus
869 1595 940 1634 per
972 1583 1088 1622 breve
1122 1589 1242 1634 nupta
1274 1584 1369 1623 suit.

303 1642 362 1681 Illi
395 1643 614 1693 successit,
648 1643 821 1692 quamvis
854 1644 937 1680 sine
970 1643 1133 1680 crimine
1167 1643 1360 1694 coniunx,

303 1700 389 1739 Non
421 1706 551 1738 tamen
582 1701 622 1738 in
655 1705 789 1738 nostro
822 1700 931 1738 firma
964 1700 1094 1739 sutura
1127 1705 1236 1739 toro.

303 1758 444 1798 Ultima
464 1790 475 1810 ‚
507 1770 605 1810 quae
638 1770 790 1797 mecum
823 1770 932 1797 seros
964 1760 1178 1810 permansit
1208 1759 1248 1797 in
1281 1770 1424 1810 annos,

305 1817 499 1856 Sustinuit
530 1818 699 1855 coniunx
732 1816 856 1855 exulis
888 1829 973 1856 esse
1006 1818 1100 1855 viri.

241 1884 283 1915 75
306 1875 401 1914 Filia
433 1887 495 1914 me
527 1887 611 1914 mea
642 1874 702 1913 bis
733 1876 858 1925 prima
890 1875 1055 1914 fecunda
1086 1876 1264 1926 iuventa,

306 1934 381 1972 Sed
414 1945 491 1972 non
524 1945 570 1972 ex
603 1945 680 1972 uno
714 1934 903 1985 coniuge,
935 1934 1028 1972 fecit
1058 1945 1194 1972 avum.

303 1991 353 2031 Et
384 1993 459 2030 iam
492 1991 705 2043 complerat
736 1993 888 2042 genitor
921 2003 990 2030 sua
1022 1992 1096 2031 fata
1116 2022 1127 2043 ‚
1159 2003 1375 2042 novemque

305 2050 517 2089 Addiderat
548 2049 683 2088 lustris
715 2049 835 2088 altera
866 2049 989 2089 lustra
1021 2061 1183 2088 novem.

304 2108 389 2147 Non
422 2108 533 2147 aliter
563 2108 674 2159 ssevi,
707 2119 822 2159 quam
854 2120 915 2146 me
947 2108 1111 2147 fleturus
1144 2107 1366 2160 ademptum

241 2175 284 2206 80
305 2167 372 2205 Ille
405 2167 506 2206 suit.
563 2168 676 2205 matri
706 2167 882 2217 proxima
913 2167 1015 2205 iusta
1047 2166 1140 2206 tuli.

304 2225 454 2264 Felices
487 2224 598 2264 ambo
631 2226 938 2276 tempestiveque
971 2224 1137 2277 sepulti,

304 2284 401 2322 Ante
434 2283 536 2322 diem
567 2295 714 2335 poenae
748 2283 851 2335 quod
883 2284 1036 2334 periere
1068 2281 1198 2322 meae!
