1575 2489
524 90 587 122 111.
615 90 811 121 476-543.
1243 87 1330 128 273

174 197 269 236 Nam
301 197 372 237 tibi
403 201 571 235 mutatae
603 195 742 235 Libera
774 207 916 234 nomen
948 197 1050 235 erit.

117 255 280 306 Sintque
312 261 401 294 tuae
433 262 563 293 tecum
595 256 731 293 faciam
763 256 999 292 monimenta
1032 265 1224 306 coronae,

174 313 365 352 Volcanus
396 313 538 352 Veneri
571 325 685 363 quam
717 312 851 364 dedit,
882 312 945 351 illa
977 308 1092 350 tibi.’

30 380 95 412 515
116 372 224 411 Dicta
256 373 373 424 facit,
405 383 655 423 gemmasque
682 383 821 410 novem
846 370 1098 409 transformat
1129 371 1168 409 in
1200 371 1331 421 ignes:

174 431 300 469 Aurea
331 442 402 481 per
435 429 564 468 stellas
598 442 701 468 nunc
734 431 850 468 micat
881 428 944 467 illa
977 441 1138 469 novem.

251 521 287 562 8.
321 519 395 562 CF
455 521 494 561 9.
526 519 608 561 DC
672 521 736 562 10.
769 518 848 561 EO
914 521 978 560 11.
1010 518 1084 560 FC

223 579 288 621 12.
321 577 399 620 GC
465 579 528 619 13.
562 578 602 619 H
626 578 711 620 EN
776 579 842 620 14.
873 577 913 619 A
938 577 1110 626 EQ-N2

117 662 192 701 Sex
223 662 290 701 ubi
323 662 556 713 sustulerit,
590 662 751 701 totidem
783 662 1015 700 demerserit
1047 662 1186 712 orbes,

174 721 423 772 Purpureum
456 721 590 772 rapido
624 723 690 771 qui
723 720 826 758 vehit
858 732 925 758 axe
959 721 1084 772 diem,

116 779 246 818 Altera
278 781 475 830 gramineo
510 779 704 830 spectabis
736 778 919 829 Equirria
951 778 1116 830 Campo,

30 846 96 877 520
177 838 301 882 Quem
334 837 487 876 Tiberis
519 838 650 876 curvis
681 839 721 875 in
753 837 852 874 latus
885 842 1000 886 urget
1031 838 1165 887 aquis.

116 895 191 941 Qui
222 902 351 934 tamen
384 898 505 934 eiecta
538 897 571 933 si
603 896 702 933 forte
736 894 935 933 tenebitur
966 894 1093 946 unda,

175 953 326 992 Caelius
358 955 523 1005 accipiat
554 953 849 1004 pulverulentus
882 965 1026 1004 equos.

488 1044 552 1086 15.
584 1043 620 1084 B
646 1042 852 1085 EID-N2

117 1128 249 1167 Idibus
281 1134 341 1167 est
372 1129 504 1167 Annae
537 1129 680 1167 festum
713 1127 861 1177 geniale
894 1127 1122 1165 Perennae.

176 1187 287 1226 Haud
320 1187 458 1237 procul
490 1198 510 1225 a
542 1188 637 1237 ripis
656 1217 666 1237 ,
700 1186 845 1224 advena
877 1185 1053 1237 Thybri,
1087 1187 1163 1224 tuis

31 1253 96 1284 525
117 1245 232 1284 Plebs
264 1247 369 1284 venit
401 1257 444 1284 ac
477 1245 619 1283 virides
652 1245 795 1295 passim
829 1244 989 1282 disiecta
1020 1256 1091 1295 per
1123 1243 1264 1282 herbas

175 1303 288 1342 Potat
308 1335 318 1355 ,
353 1310 392 1342 et
423 1303 618 1342 accumbit
650 1315 737 1341 cum
770 1315 863 1353 pare
896 1304 1062 1353 quisque
1096 1314 1187 1340 sua.

119 1361 199 1400 Sub
232 1361 319 1400 Iove
352 1374 443 1412 pars
476 1362 617 1413 durat,
650 1362 764 1411 pauci
796 1363 963 1400 tentoria
993 1366 1167 1412 ponunt,

178 1420 277 1459 Sunt
310 1420 452 1471 quibus
485 1433 505 1459 e
538 1421 655 1458 ramis
688 1419 849 1458 frondea
882 1420 980 1458 facta
1013 1431 1099 1458 casa
1132 1425 1216 1470 est;

117 1478 242 1530 Pars,
274 1478 341 1516 ubi
373 1490 444 1529 pro
476 1478 612 1528 rigidis
646 1477 811 1516 calamos
844 1483 1016 1516 statuere
1049 1477 1264 1529 columnis,

31 1545 97 1576 530
176 1538 356 1588 Desuper
388 1542 565 1575 extentas
597 1537 819 1587 imposuere
852 1542 984 1587 togas.

120 1595 206 1634 Sole
240 1602 369 1634 tamen
401 1596 568 1646 vinoque
601 1594 756 1646 calent,
789 1606 990 1645 annosque
1022 1600 1256 1645 precantur,

178 1653 280 1699 Quot
312 1660 467 1692 sumant
499 1653 656 1705 cyathos
675 1684 686 1705 ,
719 1653 764 1691 ad
798 1665 1084 1704 numerumque
1116 1652 1277 1692 bibunt.

120 1711 297 1750 Invenies
328 1711 407 1751 illic
426 1743 437 1764 ,
470 1714 536 1762 qui
568 1711 743 1750 Nestoris
775 1711 905 1750 ebibat
936 1723 1080 1763 annos,

178 1770 284 1815 Quae
317 1771 367 1808 sit
396 1782 467 1821 per
499 1770 639 1808 calices
672 1770 771 1808 sacta
805 1770 945 1821 Sibylla
979 1781 1092 1810 suos.

32 1837 98 1868 535
118 1828 198 1867 Illic
233 1835 271 1868 et
303 1834 460 1867 cantant
493 1828 681 1879 quidquid
714 1828 883 1867 didicere
916 1828 1102 1880 theatris,

177 1887 226 1926 Et
256 1888 400 1926 iactant
432 1887 564 1925 faciles
596 1887 642 1925 ad
676 1899 744 1925 sua
775 1886 891 1925 verba
924 1898 1084 1938 manus,

118 1945 168 1984 Et
198 1946 347 1984 ducunt
378 1947 504 1997 posito
538 1945 655 1984 duras
687 1950 838 1984 cratere
871 1944 1056 1996 choreas,

178 2004 365 2055 Cultaque
399 2004 549 2043 diffusis
583 2004 695 2042 saltat
727 2005 848 2042 amica
881 2004 1025 2042 comis.

120 2062 215 2101 Cum
247 2063 436 2114 redeunt,
469 2062 638 2101 titubant
670 2068 708 2101 et
741 2068 831 2101 sunt
864 2061 1084 2113 spectacula
1116 2061 1239 2113 volgi,

33 2128 98 2160 540
176 2121 224 2159 Et
256 2122 473 2160 fortunatos
506 2121 616 2159 obvia
649 2120 762 2160 turba
794 2126 929 2159 vocat.

119 2179 282 2218 Occurri
314 2192 463 2231 nuper:
504 2181 584 2218 v1sa
617 2187 676 2218 est
707 2179 803 2218 mihi
835 2179 948 2230 digna
980 2179 1104 2218 relatu

177 2238 350 2289 Pompa:
397 2250 528 2277 senem
561 2244 697 2289 potum
729 2244 819 2289 pota
851 2237 1029 2276 trahebat
1061 2250 1180 2276 anus.

120 2296 224 2342 Quae
257 2303 385 2336 tamen
411 2297 505 2336 haec
531 2297 602 2336 dea
634 2299 710 2349 sit,
737 2298 919 2348 quoniam
951 2296 1176 2336 rumoribus
1208 2302 1329 2348 errat,

73 2367 179 2394 ovn).
216 2370 273 2395 111.
1078 2365 1120 2397 18
