1575 2489
549 73 575 106 Ι.
604 80 650 105 111
671 74 790 106 89—v
810 75 842 106 2.
1280 73 1360 114 131

204 180 278 226 Qui
310 182 371 218 vix
403 179 624 218 Thessaliae
658 180 733 218 fine
766 180 961 219 timendus
994 186 1097 219 erat.

145 238 320 278 Caesaris
353 240 410 276 ira
442 237 536 276 mihi
568 239 735 289 nocuit,
768 250 883 289 quem
916 238 1008 277 solis
1040 239 1086 277 ab
1119 244 1207 277 ortu

81 306 124 336 30
204 296 304 335 Solis
336 296 381 334 ad
415 308 577 334 occasus
610 301 774 346 utraque
807 302 911 335 terra
945 298 1096 336 tremit.

147 353 336 404 [iunctior
367 353 579 392 Haemonia
611 359 670 392 est
701 354 823 393 Ponto
843 385 854 407 ,
893 367 1008 405 quam
1040 355 1160 393 Roma
1199 356 1250 393 sit

871 413 1026 464 Histr03

204 470 253 509 Et
284 470 471 522 brevius,
505 482 619 520 quam
652 482 751 522 nos,
784 471 846 509 ille
878 472 1030 522 peregit
1060 472 1135 509 iter
1151 470 1176 520 .]

146 528 212 567 Ille
243 528 379 567 habuit
412 529 575 566 comites
608 530 755 578 primos
788 529 938 568 telluris
971 529 1160 568 Achivae:
1305 536 1361 570 (1⁷)

201 586 249 625 At
281 591 454 625 nostram
487 588 620 625 cuncti
651 587 864 626 destituere
897 588 1048 638 sugam.

80 653 123 684 35
144 645 221 683 Nos
254 645 381 696 fragili
413 645 515 695 ligno
549 650 700 683 vastum
733 645 966 684 sulcavimus
999 658 1169 696 aequor:

203 702 308 748 Quae
341 702 430 741 tulit
462 703 681 742 Aesoniden
701 735 711 755 ‚
745 704 863 742 densa
896 705 1026 742 carina
1058 704 1154 741 suit.

143 761 223 800 Nee
256 761 350 799 mihi
382 761 527 812 Tiphys
561 767 643 800 erat
674 766 834 812 rector,
866 773 938 800 nee
971 762 1148 811 Agenore
1181 767 1295 800 natus

202 819 306 865 Quas
339 820 543 871 sugerem,
576 819 730 869 docuit,
764 831 859 869 quas
893 831 1159 870 sequererque
1192 821 1294 859 vias.

144 877 254 916 Illum
288 882 410 916 tutata
443 882 502 915 est
535 889 623 915 cum
655 877 807 915 Pallade
839 879 944 927 regia
976 877 1096 917 Iuno:

79 943 123 974 40
203 935 419 974 Defendere
452 947 582 974 meum
615 936 773 974 numina
806 935 910 974 nulla
943 942 1081 986 caput.

141 993 254 1032 Illum
286 994 450 1032 furtivae
484 996 616 1032 iuvere
651 993 852 1044 Cupidinis
885 999 1012 1046 artes3

202 1052 304 1097 Quas
337 1064 356 1090 a
389 1064 450 1090 me
482 1051 619 1090 vellem
651 1064 729 1090 non
762 1051 965 1090 didicisset
996 1053 1136 1091 Amor.

142 1109 209 1149 Ille
243 1110 400 1148 domum
432 1109 576 1148 rediit:
609 1122 679 1148 nos
711 1109 772 1148 his
804 1112 1018 1149 moriemur
1050 1112 1089 1149 in
1123 1112 1248 1162 arvis,

201 1168 423 1207 Perstiterit
455 1168 549 1206 laesi
580 1169 614 1206 si
645 1169 771 1219 gravis
804 1171 861 1207 ira
893 1168 977 1208 dei.

78 1234 121 1264 45
143 1226 286 1265 Durius
319 1232 379 1265 est
409 1228 529 1275 igitur
561 1232 738 1265 nostrum
757 1257 768 1278 ‚
800 1226 986 1266 fidissima
1018 1228 1213 1279 coniunx,

201 1284 298 1336 1110,
332 1284 434 1335 quod
469 1284 589 1323 subiit
620 1285 771 1323 Aesone
804 1290 947 1336 natus,
979 1297 1100 1324 onus,

142 1342 196 1381 Te
230 1355 414 1395 quoque,
453 1355 568 1394 quam
605 1344 785 1381 iuvenem
821 1343 1026 1382 discedens
1057 1343 1161 1382 Urbe
1195 1343 1359 1396 reliqui,

203 1400 396 1439 Credibile
430 1408 489 1439 est
520 1402 666 1440 nostris
698 1403 917 1440 insenuisse
952 1401 1083 1442 malis.

143 1458 197 1498 0!
230 1471 299 1509 ego
320 1490 330 1510 ‚
363 1459 402 1497 di
434 1460 604 1510 saciant,
637 1459 751 1497 talem
783 1465 820 1498 te
854 1472 1016 1498 cernere
1048 1462 1219 1512 possim,

79 1525 122 1556 50
202 1517 375 1567 Caraque
409 1519 567 1556 mutatis
600 1517 730 1556 oscula
763 1518 866 1556 serre
900 1520 1045 1569 comis3

141 1575 410 1626 Amplectique
443 1578 540 1614 meis
573 1588 716 1626 corpus
748 1588 826 1614 non
858 1577 1003 1627 pingue
1035 1576 1218 1628 lacertis,

200 1633 249 1672 Et
280 1631 437 1684 egracile
470 1634 543 1672 hoc
576 1631 684 1673 secit’
717 1634 846 1673 dicere
881 1632 990 1673 ‘cura
1022 1637 1098 1673 mei
1112 1632 1137 1673 :⁹

143 1691 192 1731 Et
223 1704 381 1731 narrare
415 1704 522 1731 meos
554 1692 663 1731 ssenti
694 1692 792 1731 flens
823 1694 906 1744 ipse
939 1692 1115 1745 labores,

204 1749 366 1801 Sperato
400 1763 613 1801 numquam
645 1750 930 1801 conloquioque
965 1752 1042 1790 frui
1054 1783 1065 1802 ‚

79 1815 121 1847 55
143 1808 324 1859 Turaque
357 1808 588 1848 Caesaribus
621 1821 710 1848 cum
743 1810 907 1860 coniuge
942 1809 1105 1848 Caesare
1139 1809 1279 1860 digna,

199 1866 265 1905 Dis
298 1868 400 1905 veris
419 1899 430 1919 ,
462 1869 626 1906 memori
657 1867 786 1906 debita
818 1868 922 1906 ferre
956 1867 1093 1906 manu!
1304 1876 1359 1909 (18)

143 1924 357 1964 Memnonis
388 1925 487 1963 hanc
520 1927 697 1978 utinam,
729 1926 847 1964 lenito
881 1927 1057 1977 principe
1077 1957 1087 1975 ,
1120 1932 1246 1964 mater

201 1983 324 2028 Quam
356 1985 525 2035 prImum
558 1996 670 2023 roseo
704 1990 889 2035 provocet
921 1996 988 2022 010
1021 1983 1141 2023 diem!

662 2111 716 2158 V.

142 2215 208 2254 Ille
242 2221 329 2255 tuos
362 2217 555 2268 quondam
588 2229 666 2256 non
698 2217 858 2256 ultimus
891 2218 993 2255 inter
1026 2218 1194 2268 amicos,

200 2273 250 2313 Ut
281 2286 350 2313 sua
382 2275 498 2314 verba
529 2276 660 2327 legas,
699 2275 861 2314 Maxime
881 2307 891 2327 ,
924 2274 1024 2314 Naso
1057 2281 1190 2325 rogat.

1100 2341 1147 2375 9*
