1601 2484
531 85 593 118 111.
620 92 663 117 1v
684 81 814 118 ‹3—1vb
835 87 889 118 75.
1320 81 1376 122 45

162 193 252 231 Vive
284 193 368 231 sine
392 191 535 230 invidia
554 223 565 244 ‚
596 191 811 243 mollesque
843 190 1034 242 inglorius
1066 202 1188 229 annos

161 251 312 302 Exige,
343 251 530 289 amicitias
562 255 601 288 et
631 250 702 288 tibi
734 251 850 300 iunge
882 261 1021 301 pares,

98 318 141 348 45
161 309 403 359 Nasonisque
436 309 522 359 tui,
555 307 658 358 quod
690 307 815 346 adhuc
848 319 925 345 non
956 306 1086 345 exulat
1117 317 1265 356 unum,

162 367 311 406 Nomen
343 378 454 405 ama:
496 365 701 417 Scythicus
733 371 862 405 cetera
893 364 1042 404 Pontus
1074 364 1212 403 habet.

659 492 724 540 IV
732 491 764 542 ι).

164 599 342 637 Proxima
374 598 569 637 sideribus
600 597 716 637 tellus
748 597 1049 649 Erymanthidos
1080 607 1194 635 ursae

165 657 224 695 Me
256 662 393 708 tenet,
425 656 611 696 adstricto
644 662 748 695 terra
779 661 938 707 perusta
970 655 1082 705 gelu.

165 714 386 766 Bosphoros
418 719 457 754 et
487 715 627 753 Tanais
659 720 845 765 superant
876 713 1134 764 Scythiaeque
1165 710 1327 762 paludes

104 782 146 811 50
167 772 236 811 Vix
268 774 361 811 satis
394 778 432 811 et
463 774 546 812 noti
578 773 731 811 nomina
763 784 886 822 pauca
917 771 1015 809 loci.

166 830 338 870 Ulterius
370 831 465 869 nihil
497 835 557 869 est
587 831 662 868 nisi
694 842 771 868 non
803 829 1012 868 habitabile
1045 829 1194 878 frigus.

166 888 251 927 Heu
283 900 398 939 quam
429 890 553 926 vicina
585 894 644 926 est
676 887 809 926 ultima
842 893 947 926 terra
979 885 1095 925 mihi!

168 948 215 984 At
244 946 357 996 longe
388 948 514 997 patria
545 951 632 998 est,
664 945 776 996 longe
809 946 1011 984 carissima
1042 946 1235 995 coniunx,

168 1004 361 1055 Quicquid
393 1009 432 1043 et
462 1004 557 1042 haec
589 1003 702 1042 nobis
733 1009 822 1054 post
853 1004 930 1042 duo
963 1003 1076 1042 dulce
1108 1003 1207 1041 fuit.

105 1070 147 1102 55
169 1062 233 1101 Sic
264 1068 394 1101 tamen
419 1062 514 1101 haec
546 1062 716 1113 adsunt,
747 1067 791 1100 ut
817 1073 915 1113 quae
949 1063 1177 1112 contingere
1215 1071 1292 1098 non
1326 1064 1384 1098 est

169 1121 370 1171 Corpore:
408 1126 500 1159 sunt
531 1121 658 1159 animo
690 1125 831 1159 cuncta
862 1119 1027 1158 videnda
1058 1131 1168 1158 meo.

170 1179 268 1217 Ante
289 1178 422 1217 oculos
443 1184 574 1217 errant
593 1177 755 1230 domus,
780 1177 954 1228 urbsque
980 1182 1020 1216 et
1045 1177 1169 1216 forma
1188 1176 1362 1215 locorum
1374 1206 1384 1226 ‚

170 1236 448 1287 Acceduntque
481 1238 562 1275 suis
594 1235 744 1286 singula
777 1235 876 1274 facta
908 1235 1025 1274 locis.

171 1294 355 1344 Coniugis
387 1300 475 1332 ante
508 1294 641 1333 oculos
661 1325 672 1346 ‚
703 1295 806 1333 sicut
836 1295 1054 1345 praesentis
1073 1324 1084 1345 ,
1115 1295 1240 1344 imago
1273 1297 1355 1331 est.

108 1361 151 1391 60
171 1351 236 1390 Illa
268 1364 375 1390 meos
407 1364 520 1391 casus
551 1354 756 1403 ingravat,
788 1352 851 1390 illa
883 1352 1004 1391 levat:

169 1409 347 1461 Ingravat
377 1409 451 1449 hoc
469 1441 480 1462 ,
512 1410 615 1461 quod
648 1410 786 1462 abest3
818 1410 919 1449 levat
948 1410 1051 1461 hoc,
1085 1408 1188 1460 quod
1213 1413 1386 1460 praestat

768 1479 940 1506 amorem

172 1525 465 1577 inpositumque
498 1525 572 1564 sibi
604 1527 714 1564 firma
745 1531 880 1564 tuetur
911 1537 1034 1564 onus.

169 1583 245 1622 Vos
277 1596 431 1635 quoque
463 1584 688 1635 pectoribus
720 1585 865 1622 nostris
897 1583 1068 1622 haeretis
1087 1615 1098 1635 ,
1131 1584 1266 1635 amici,

170 1642 307 1681 Dicere
339 1654 438 1693 quos
470 1643 584 1693 cupio
619 1643 775 1681 nomine
807 1654 1002 1693 quemque
1034 1654 1128 1681 suo.

108 1708 150 1739 65
173 1699 248 1738 Sed
280 1701 396 1739 timor
427 1701 599 1739 officium
631 1705 768 1739 cautus
801 1701 1044 1752 compescit,
1077 1706 1114 1738 et
1146 1701 1252 1751 ipsos

171 1758 214 1796 In
245 1764 380 1797 nostro
411 1760 505 1809 poni
536 1760 706 1797 carmine
739 1758 840 1797 nolle
871 1764 990 1809 puto.

170 1817 268 1855 Ante
301 1816 486 1856 volebatis
505 1847 516 1868 ‚
548 1818 724 1868 gratique
757 1822 841 1855 erat
872 1818 994 1855 instar
1026 1816 1210 1868 honoris,

170 1873 357 1913 Versibus
388 1876 429 1914 in
461 1876 605 1914 nostris
637 1876 793 1913 nomina
824 1880 952 1914 vestra
984 1875 1081 1926 legi.

170 1932 281 1978 Quod
308 1935 489 1984 quoniam
510 1939 570 1972 est
589 1945 731 1984 anceps
743 1965 755 1985 ‚
779 1935 881 1972 intra
902 1945 986 1972 mea
1012 1938 1172 1985 pectora
1193 1944 1386 1983 quemque

108 1999 151 2030 70
171 1991 366 2042 Adloquar
384 2023 396 2044 ‚
428 1997 466 2031 et
497 1991 593 2031 nulli
624 2003 739 2030 causa
771 1993 923 2030 timoris
955 2004 1046 2030 ero.

171 2049 251 2088 Nec
282 2061 392 2089 meus
424 2050 568 2089 indicio
601 2049 787 2089 latitantis
819 2062 957 2089 versus
990 2050 1134 2088 amicos

171 2107 396 2147 Protrahit.
446 2108 597 2148 occulte
630 2109 752 2159 siquis
784 2108 964 2159 amabat,
996 2115 1122 2146 amet.

173 2164 277 2204 Scite
308 2172 464 2219 tamen,
497 2168 671 2218 quamvis
703 2166 817 2217 longa
848 2168 1007 2217 regione
1039 2170 1213 2204 remotus

171 2223 332 2277 Absim,
363 2237 431 2264 vos
463 2227 589 2264 animo
623 2237 776 2276 semper
809 2225 944 2263 adesse
979 2236 1093 2276 meo3

108 2288 151 2319 75
172 2281 220 2321 Et
252 2294 327 2334 qua
360 2285 526 2335 quisque
557 2288 716 2336 potest,
751 2282 877 2333 aliqua
911 2282 1007 2322 mala
1039 2287 1173 2322 nostra
1204 2281 1345 2331 levate,
