1575 2489
569 54 610 86 V.
639 55 833 86 160-232.
1283 52 1365 93 317

148 162 299 200 Chloris
332 173 465 213 eram,
497 161 664 213 nymphe
698 163 823 212 campi
856 161 979 200 felicis
998 193 1009 213 ,
1041 161 1108 200 ubi
1141 161 1251 200 audis

205 220 301 258 Rem
334 221 542 258 fortunatis
575 226 663 259 ante
696 219 816 258 fuisse
849 221 965 258 viris.

147 278 252 324 Quae
280 279 398 317 fuerit
424 279 519 317 mihi
545 278 690 329 forma,
722 290 837 329 grave
874 284 934 316 est
959 290 1118 316 narrare
1147 278 1366 330 modestae;

60 345 127 376 200
207 336 281 376 Sed
314 349 503 387 generum
535 338 651 375 matri
682 338 856 388 repperit
888 336 951 375 illa
984 336 1123 374 deum.

147 395 222 434 Ver
254 402 366 446 erat,
399 395 604 434 errabam:
649 395 850 446 Zephyrus
877 397 1108 446 conspexit,
1141 394 1317 433 abibam.

204 454 429 504 Insequitur
448 486 458 505 ,
491 455 626 504 fugio:
671 454 810 492 fortior
841 453 906 492 ille
938 454 1034 492 fuit.

145 511 194 550 Et
226 512 386 550 dederat
417 513 529 550 fratri
560 512 704 551 Boreas
736 514 797 551 ius
830 524 944 551 omne
976 513 1157 564 rapinae,

203 571 332 609 Ausus
364 570 583 609 Erechthea
616 573 786 622 praemia
819 572 923 609 ferre
956 570 1093 609 domo.

58 636 124 667 205
145 628 229 667 Vim
261 635 391 667 tamen
425 629 605 668 emendat
636 629 761 668 dando
794 630 888 668 mihi
920 631 1076 668 nomina
1108 634 1275 681 nuptae,

124 695 129 698 ·
202 687 325 738 Inque
358 700 444 726 meo
477 700 555 726 non
589 694 647 727 est
679 688 756 726 ulla
788 688 961 739 querella
993 693 1102 726 toro.

146 745 243 784 Vere
275 747 385 784 fruor
418 758 601 797 semper:
646 759 800 798 semper
832 746 1092 785 nitidissimus
1125 758 1272 798 annm,

203 804 330 843 Arbor
362 804 478 844 habet
510 805 669 843 frondes
688 836 698 856 ,
730 804 872 856 pabula
904 816 1059 855 semper
1092 804 1257 842 humus.

144 862 213 901 Est
245 863 338 901 mihi
371 863 563 902 fecundus
595 863 787 902 dotalibus
819 863 958 901 hortus
989 864 1028 901 in
1062 864 1190 913 agris,

57 929 123 959 210
202 922 305 960 Aura
337 922 463 972 fovet,
495 921 663 972 liquidae
696 922 802 960 fonte
834 923 984 972 rigatur
1016 933 1161 971 aquae:

142 979 255 1018 Hunc
288 992 398 1018 meus
430 979 604 1030 implevit
634 991 826 1031 generoso
859 979 955 1018 flore
988 981 1176 1030 marum,

202 1038 328 1089 Atque
361 1040 414 1077 ait
446 1035 689 1077 “arbitrium
722 1044 794 1090 tu,
827 1038 898 1077 dea
917 1070 928 1089 ,
959 1038 1068 1076 ssoris
1100 1034 1260 1077 habe.''

144 1096 265 1147 Saepe
299 1109 369 1147 ego
402 1096 573 1147 digestos
606 1097 709 1135 volui
741 1109 948 1135 numerare
982 1096 1156 1148 colores,

201 1154 280 1193 Nec
312 1156 451 1207 potui;
484 1167 647 1194 numero
681 1157 792 1206 copia
824 1157 945 1193 maior
977 1161 1083 1194 erat.

55 1220 122 1251 215
142 1213 308 1252 Roscida
341 1226 429 1252 cum
462 1215 633 1264 primum
665 1213 767 1252 soliis
800 1225 963 1252 excussa
994 1215 1134 1265 pruina
1167 1219 1227 1252 est

200 1271 249 1311 Et
280 1273 407 1311 variae
440 1272 559 1311 radiis
590 1274 796 1323 intepuere
830 1284 983 1323 comae,

143 1330 390 1369 Conveniunt
421 1332 535 1382 pictis
567 1332 760 1370 incinctae
794 1331 968 1370 vestibus
999 1329 1151 1382 Horae,

200 1389 322 1440 Inque
354 1389 459 1428 leves
492 1389 662 1428 calathos
693 1402 857 1428 munera
889 1396 1022 1428 nostra
1054 1389 1215 1440 legunt.

142 1447 326 1486 Protinus
359 1448 551 1486 accedunt
582 1447 788 1499 Charites,
821 1454 1063 1499 nectuntque
1097 1459 1261 1486 coronas

55 1514 121 1544 220
202 1506 392 1557 Sertaque
425 1506 613 1545 caelestes
644 1506 882 1558 implicitura
914 1518 1068 1545 comas.

141 1564 270 1603 Prima
302 1577 372 1616 per
404 1567 614 1603 immensas
646 1566 772 1616 sparsi
804 1577 902 1604 nova
934 1566 1082 1604 semina
1114 1570 1274 1615 gentes:

200 1623 323 1662 Unius
355 1623 470 1662 tellus
503 1629 591 1662 ante
625 1624 766 1662 eoloris
799 1630 905 1662 erat.

142 1681 269 1720 Prima
301 1681 554 1734 Therapnaeo
588 1683 663 1721 feci
694 1682 741 1721 de
775 1684 963 1733 sanguine
995 1681 1155 1734 ssorem,

200 1739 247 1778 Et
279 1747 411 1779 manet
441 1742 481 1779 in
514 1740 605 1779 folio
638 1742 782 1792 scripta
816 1741 988 1792 querella
1022 1753 1116 1779 suo.

54 1806 120 1837 225
141 1798 200 1836 Tu
239 1811 395 1850 quoque
428 1811 570 1837 nomen
602 1798 722 1838 habes
756 1799 881 1838 cultos
901 1832 911 1851 ,
942 1799 1153 1850 Narcisse,
1185 1811 1256 1850 per

868 1858 1029 1909 hortos,

200 1916 336 1955 Infelix
356 1948 366 1968 ,
399 1916 502 1967 quod
536 1928 613 1955 non
646 1916 743 1955 alter
776 1922 814 1955 et
846 1916 943 1955 alter
976 1927 1085 1955 eras.

142 1975 243 2021 Quid
276 1975 427 2014 Crocon
460 1981 526 2013 aut
558 1976 664 2013 Attin
697 1975 864 2013 referam
897 1974 1115 2025 Cinyraque
1148 1980 1343 2026 creatum,

200 2033 253 2072 De
287 2046 455 2085 quorum
487 2046 557 2085 per
590 2046 651 2072 me
684 2033 842 2072 volnere
876 2035 1001 2084 surgit
1031 2031 1191 2072 honor?

141 2092 243 2131 Mars
276 2105 461 2144 quoque,
494 2094 527 2131 si
558 2093 716 2144 nesciS,
754 2104 825 2143 per
857 2098 1010 2131 nostras
1044 2091 1171 2131 editus
1205 2097 1330 2131 artes:

55 2159 121 2190 230
200 2150 375 2202 Iuppiter
406 2151 480 2190 hoc
513 2157 556 2190 ut
588 2151 714 2190 adhuc
746 2152 923 2203 nesciat,
956 2163 1080 2201 usque
1113 2162 1276 2201 precor.

143 2209 283 2248 Sancta
314 2209 442 2248 lovem
475 2209 570 2249 Iuno
604 2217 693 2249 nata
725 2211 809 2248 sine
842 2217 965 2249 matre
997 2209 1169 2248 Minerva

201 2267 337 2307 Officio
371 2268 493 2308 doluit
525 2281 603 2307 non
636 2270 790 2320 eguisse
824 2281 917 2307 suo.
