1575 2489
205 105 287 147 166
741 107 806 139 Ex
830 107 986 140 PONTo

321 214 422 259 Quid
454 214 600 265 facias,
633 215 787 264 quaeris
806 212 827 252 ?
869 226 1031 264 quaeras
1063 213 1136 253 hoc
1169 213 1317 254 scilicet
1347 215 1499 266 ipsum,

378 272 584 323 Invenies,
615 284 705 310 vere
738 273 771 310 si
802 273 976 322 reperire
1008 272 1112 310 voles
1130 302 1138 310 .

256 338 299 368 35
320 329 423 368 Velle
455 341 593 380 parum
625 335 714 369 est:
770 331 932 381 cupias,
969 337 1013 369 ut
1048 342 1091 368 re
1123 331 1315 381 potiaris,
1351 335 1528 382 oportet,

377 387 427 425 Et
458 388 573 426 faciat
603 399 760 426 somnos
791 387 887 426 haec
918 387 989 426 tibi
1021 400 1114 426 cura
1144 387 1306 425 breves.

320 444 424 483 Velle
455 457 545 484 reor
571 445 713 484 multos
734 476 742 484 .
792 447 878 496 quis
905 447 1008 484 enim
1034 445 1129 484 mihi
1160 451 1238 483 tam
1270 446 1320 484 sit
1350 446 1528 497 iniquus,

379 502 496 554 Optet
527 509 570 542 ut
601 503 759 542 exilium
789 516 884 554 pace
916 515 1049 542 carere
1080 515 1211 542 meum
1230 501 1251 541 ἶ)

320 560 483 600 Pectore
514 567 552 600 te
585 567 666 600 toto
699 563 929 612 cunctisque
960 561 1187 600 incumbere
1219 562 1349 599 nervis

258 627 302 657 40
381 618 430 657 Et
461 620 532 658 niti
562 631 633 670 pro
665 632 726 658 me
759 626 873 658 nocte
906 619 1045 670 dieque
1077 619 1212 658 decet.

322 677 447 727 thue
479 679 613 716 iuvent
645 677 736 729 alii,
767 684 811 716 tu
843 677 962 716 debes
993 679 1147 716 vincere
1181 678 1349 727 amicos,

379 735 482 774 Uxor
514 742 553 774 et
584 735 629 773 ad
662 737 783 786 partis
814 737 940 786 prima
970 736 1102 773 venire
1133 740 1244 774 tuas.

320 793 455 843 Magna
486 793 557 832 tibi
589 795 768 844 imposita
802 800 861 832 est
892 795 1037 832 nostris
1069 805 1236 844 persona
1266 791 1432 831 libellis:

380 851 563 902 Coniugis
596 852 815 902 exemplum
847 852 989 890 diceris
1022 863 1106 890 esse
1138 850 1285 889 bonae.

255 917 299 947 45
319 909 426 948 Hanc
458 922 547 948 cave
580 910 794 960 degeneres
813 941 823 961 ‚
864 915 905 948 ut
937 911 1015 948 sint
1045 910 1252 960 praeconia
1281 914 1414 947 nostra
1476 916 1530 948 (74)

379 967 506 1019 Vera3
538 967 623 1006 vide
644 999 654 1019 ,
686 968 807 1006 famae
841 968 943 1018 quod
975 969 1121 1006 tuearis
1153 979 1273 1018 opus.

320 1025 368 1064 Ut
399 1025 494 1064 nihil
525 1027 608 1076 ipse
642 1038 783 1076 querar
802 1057 812 1076 ,
845 1027 961 1064 tacito
994 1038 1056 1064 me
1088 1026 1186 1063 fama
1219 1030 1432 1076 queretur,

380 1083 485 1128 Quae
518 1083 661 1134 debet,
694 1084 813 1122 fuerit
844 1086 883 1121 ni
915 1084 986 1122 tibi
1018 1095 1111 1122 cura
1143 1084 1242 1121 mei.

320 1141 509 1191 Exposuit
541 1153 625 1179 mea
656 1153 717 1179 me
749 1141 892 1192 populo
926 1142 1082 1179 fortuna
1113 1140 1346 1192 videndum,

257 1208 300 1238 50
381 1199 428 1238 Et
459 1199 546 1250 plus
578 1200 737 1238 notitiae
757 1231 767 1250 ‚
801 1211 915 1250 quam
947 1200 1020 1238 fuit
1051 1204 1139 1237 ante
1159 1230 1170 1250 ‚
1201 1198 1329 1237 dedit.

322 1257 458 1296 Notior
491 1264 550 1296 est
581 1258 706 1296 factus
739 1257 939 1308 Capaneus
972 1270 992 1295 a
1024 1257 1196 1296 fulminis
1227 1258 1333 1296 ictu:

379 1315 503 1354 Notus
535 1315 652 1354 humo
685 1317 825 1354 mersis
858 1315 1112 1366 Amphiaraus
1146 1316 1279 1365 equis.

323 1374 363 1412 Si
395 1376 524 1412 minus
557 1380 756 1425 errasset,
788 1380 904 1412 notus
937 1375 1065 1412 minus
1099 1379 1202 1411 esset
1233 1372 1386 1411 Ulixes:

378 1432 514 1483 Magna
544 1432 783 1471 Philoctetae
814 1432 974 1470 vulnere
1007 1432 1105 1470 fama
1138 1443 1207 1469 suo
1241 1437 1321 1469 est.

259 1499 301 1529 55
324 1490 364 1528 Si
396 1490 505 1529 locus
538 1497 597 1529 est
629 1491 767 1541 aliquis
799 1496 903 1528 tanta
935 1491 1038 1528 inter
1069 1491 1225 1527 nomina
1257 1489 1406 1540 parvis,

379 1548 457 1587 Nos
490 1561 645 1599 quoque
678 1549 910 1598 conspicuos
936 1554 1069 1586 nostra
1101 1548 1214 1585 ruina
1245 1548 1359 1585 facit.

321 1606 401 1645 Nec
432 1613 471 1645 te
504 1608 647 1644 nesciri
679 1608 825 1657 patitur
857 1618 941 1644 mea
973 1608 1109 1656 pagina
1129 1636 1139 1656 ,
1172 1616 1248 1655 qua
1279 1617 1357 1643 non

379 1664 546 1702 Inferius
579 1664 655 1702 Coa
685 1664 828 1702 Bittide
861 1676 1002 1702 nomen
1034 1663 1175 1701 habes.

323 1722 519 1773 Quidquid
553 1735 642 1773 ages
673 1723 822 1773 igitur,
855 1734 993 1760 scaena
1019 1721 1247 1772 spectabere
1279 1732 1438 1773 magna,

257 1790 301 1820 60
379 1780 428 1819 Et
458 1782 520 1831 pia
552 1793 629 1819 non
661 1782 790 1831 parvis
822 1780 989 1818 testibus
1023 1792 1119 1818 uxor
1152 1781 1251 1818 eris.

322 1838 444 1877 Crede
477 1839 599 1889 mihi,
632 1840 813 1889 quotiens
844 1838 1013 1877 laudaris
1045 1839 1215 1876 carmine
1246 1842 1404 1889 nostro,

381 1896 456 1942 Qui
488 1897 581 1948 legit
612 1897 680 1935 has
712 1896 875 1948 laudes,
908 1908 956 1935 an
988 1908 1162 1935 mereare
1181 1926 1192 1946 ‚
1224 1901 1358 1945 rogat.

322 1954 448 2005 thue
481 1956 610 1993 favere
642 1967 733 1993 reor
764 1955 897 2006 plures
928 1954 1139 1993 virtutibus
1171 1955 1280 2005 istis,

381 2013 445 2051 Sic
477 2019 542 2052 tua
575 2025 652 2051 non
682 2025 828 2064 paucae
861 2025 1021 2063 carpere
1053 2013 1153 2050 facta
1184 2011 1336 2050 volent:

259 2080 301 2112 65
324 2071 498 2117 Quarum
529 2078 572 2110 tu
603 2076 785 2123 praesta,
817 2083 866 2109 ne
898 2071 995 2108 livor
1027 2070 1157 2108 dicere
1189 2071 1312 2121 possit

382 2126 508 2168 eHaec
541 2135 601 2168 est
631 2141 702 2180 pro
735 2130 868 2167 miseri
899 2128 1003 2167 lenta
1035 2128 1156 2167 salute
1189 2129 1261 2166 viri
1275 2124 1299 2166 .'

322 2187 496 2238 Cumque
523 2199 594 2238 ego
621 2188 818 2238 deficiam,
844 2199 917 2225 nec
942 2188 1089 2238 possim
1115 2187 1259 2225 ducere
1285 2192 1531 2237 currum‚(⁷5)

380 2246 455 2284 Fac
487 2253 530 2284 tu
562 2247 755 2284 sustineas
788 2244 913 2284 debile
947 2245 1026 2283 sola
1057 2246 1214 2294 iugum.

325 2303 378 2341 Ad
411 2303 604 2343 medicum
637 2309 770 2355 specto
803 2304 911 2342 venis
944 2303 1182 2354 fugientibus
1214 2314 1351 2354 aeger:
