1575 2489
171 110 255 151 262
709 110 961 142 FASTORUM

204 227 268 258 120
347 217 546 256 Mensibus
577 222 742 267 egerunt
771 217 894 255 lustra
924 218 1074 255 minora
1105 217 1262 256 decem.

290 271 424 314 An'nus
457 281 566 326 erat,
600 275 793 313 decimum
825 287 914 314 cum
945 275 1035 313 luna
1066 281 1268 326 receperat
1299 274 1456 314 orheim

349 333 421 371 Hic
453 345 640 371 numerus
671 345 809 383 magno
840 339 934 371 tunc
965 334 1005 371 in
1036 332 1183 371 honore
1215 334 1310 384 fuit3

291 391 368 429 Seu
401 392 491 441 quia
523 396 581 429 tot
613 391 751 442 digiti,
782 402 852 441 per
885 402 982 441 quos
1013 403 1218 430 numerare
1251 390 1444 443 solemus,

349 449 427 487 Seu
459 450 548 498 quia
579 448 638 486 bis
671 450 789 499 quino
822 449 963 487 semina
993 461 1127 488 mense
1157 451 1281 500 parit,

206 516 270 546 125
292 507 369 545 Seu
402 506 504 557 quod
537 506 711 557 adusque
738 507 871 544 decem
897 518 1060 545 numero
1093 513 1293 545 crescente
1326 507 1499 559 venitur,

348 564 588 615 Principium
621 566 755 615 spatiis
787 565 955 603 sumitur
986 564 1076 603 inde
1108 567 1239 603 novis.

289 623 382 661 Inde
414 629 545 673 patres
577 629 734 661 centum
767 622 887 660 denos
920 624 1085 661 secrevit
1115 624 1156 660 in
1187 622 1302 661 orbes

350 680 538 719 Romulus
557 712 567 732 ,
599 681 771 719 hastatos
802 682 1048 731 instituitque
1081 681 1238 732 decem3

290 738 340 776 Et
371 738 533 777 totidem
564 740 777 790 princeps,
809 739 969 777 totidem
1001 738 1153 788 pilanus
1185 738 1350 777 habebat

206 805 270 836 130
350 796 549 848 Corpora,
581 797 754 847 legitimo
788 798 932 847 quique
963 795 1137 834 merebat
1169 808 1291 846 equo.

292 855 394 900 Quin
427 856 541 893 etiam
572 860 703 905 partes
735 855 896 893 totidem
928 854 1167 893 Titiensibus
1199 854 1286 905 ille,

350 913 533 963 Quosque
566 919 704 964 vocant
734 912 902 951 Ramnes
921 944 931 964 ‚
962 911 1256 962 Luceribusque
1288 911 1414 951 dedit,

290 971 483 1009 Adsuetos
515 972 634 1021 igitur
666 983 850 1009 numeros
884 972 1050 1009 servavit
1080 972 1120 1008 in
1152 982 1275 1009 anno.

349 1029 431 1067 Hoc
463 1029 570 1078 luget
601 1030 724 1079 spatio
757 1030 898 1066 femina
929 1034 1074 1067 maesta
1105 1030 1254 1066 virum.

207 1095 272 1126 135
292 1087 377 1125 Neu
410 1086 563 1124 dubites
582 1118 592 1137 ,
624 1088 773 1136 primae
805 1088 951 1124 suerint
983 1088 1075 1136 quin
1108 1093 1196 1124 ante
1228 1085 1422 1124 Kalendae

350 1145 483 1182 Martis
502 1175 512 1195 ,
545 1144 591 1182 ad
623 1144 718 1182 haec
750 1145 921 1182 animum
951 1145 1059 1194 signa
1090 1144 1239 1182 referre
1270 1149 1403 1194 potes.

291 1200 444 1241 Laurea
475 1202 695 1240 flaminibus
728 1214 825 1252 quae
858 1207 939 1240 toto
971 1203 1143 1252 perstitit
1174 1213 1299 1252 anno,

351 1260 545 1312 Tollitur,
578 1266 617 1298 et
648 1259 807 1298 frondes
839 1266 930 1298 sunt
961 1261 1001 1297 in
1033 1259 1180 1298 honore
1212 1271 1354 1298 novae.

295 1319 412 1357 Ianua
444 1325 537 1357 111110
569 1319 672 1368 regis
704 1319 829 1368 posita
860 1320 959 1356 viret
991 1317 1130 1356 arbore
1161 1317 1332 1356 Phoebi:

209 1385 273 1416 140
351 1378 449 1415 Ante
481 1384 568 1415 tuas
600 1377 642 1414 fit
674 1376 804 1427 idem,
837 1377 944 1414 curia
975 1377 1102 1426 prisca
1121 1407 1131 1427 ‚
1163 1376 1289 1414 fores.

294 1435 408 1473 Vesta
441 1447 597 1485 quoque
627 1440 672 1473 ut
703 1434 793 1472 solio
827 1435 947 1472 niteat
978 1434 1101 1472 velata
1132 1436 1304 1484 recenti,

354 1493 465 1531 Cedit
496 1493 542 1531 ab
574 1492 698 1531 Iliacis
730 1492 862 1531 laurea
893 1504 987 1530 cana
1019 1493 1136 1530 focis.

294 1552 400 1590 Adde
420 1583 430 1602 ,
462 1550 565 1601 quod
597 1562 735 1588 arcana
767 1551 852 1589 fieri
883 1562 1005 1589 novus
1036 1552 1137 1600 ignis
1168 1551 1209 1588 in
1241 1549 1333 1588 aede

354 1609 533 1661 Dicitur,
566 1615 605 1647 et
635 1610 738 1646 vires
769 1608 921 1646 flamma
952 1609 1097 1646 refecta
1129 1609 1252 1659 capit.

211 1675 275 1706 145
296 1667 376 1706 Nec
409 1667 503 1705 mihi
534 1678 650 1717 parva
681 1666 806 1718 fides,
838 1678 959 1704 annos
990 1666 1081 1704 hinc
1113 1667 1189 1704 isse
1221 1667 1396 1718 priores,

354 1726 462 1763 Anna
494 1724 597 1775 quod
628 1724 702 1762 hoc
734 1730 869 1774 coepta
902 1730 961 1762 est
991 1736 1123 1762 mense
1155 1724 1331 1762 Perenna
1363 1723 1459 1762 coli.

296 1784 396 1822 Hinc
428 1785 544 1822 etiam
576 1788 728 1821 veteres
760 1784 847 1820 initi
878 1788 1144 1820 memorantur
1176 1782 1344 1821 honores

354 1841 411 1880 Ad
444 1842 612 1892 spatium
644 1840 764 1892 belli,
795 1840 943 1891 perfide
974 1840 1103 1879 Poene
1122 1872 1133 1892 ‚
1165 1841 1246 1880 tui.

296 1899 471 1949 Denique
505 1900 665 1950 quintus
698 1897 744 1936 ab
776 1898 849 1937 hoc
881 1899 1009 1937 suerat
1041 1898 1222 1943 Quintilis
1241 1929 1252 1950 ‚
1284 1905 1322 1936 et
1353 1899 1442 1937 inde

212 1967 276 1997 150
355 1957 524 2009 Incipit,
555 1969 576 1995 a
608 1969 771 1995 numero
804 1958 959 1995 nomina
992 1957 1169 2007 quisquis
1201 1955 1338 1995 habet.

296 2016 482 2067 Primus,
514 2015 700 2054 oliviferis
732 2014 893 2053 Romam
925 2014 1116 2053 deductus
1147 2013 1194 2051 ab
1227 2016 1351 2065 arvis,

354 2073 568 2125 Pompilius
600 2085 754 2111 menses
786 2074 909 2111 sensit
939 2072 1075 2110 abesse
1107 2072 1229 2111 duos:

299 2132 386 2170 Sive
419 2132 493 2170 hoc
525 2144 546 2170 a
578 2131 707 2170 Samio
740 2131 907 2183 doctus,
939 2132 1006 2181 qui
1036 2142 1151 2181 posse
1183 2131 1335 2169 renasci

357 2190 435 2228 Nos
467 2196 607 2241 putat,
638 2189 779 2239 Egeria
811 2190 891 2227 sive
923 2194 1104 2226 monente
1138 2200 1228 2226 sua.

214 2256 278 2287 155
301 2248 376 2287 Sed
408 2254 537 2286 tamen
571 2247 753 2286 errabant
785 2249 898 2285 etiam
931 2258 1035 2285 1111110
1067 2252 1242 2297 tempora
1261 2277 1271 2296 ‚
1303 2245 1426 2284 donec

358 2305 534 2344 Caesaris
566 2307 605 2344 in
638 2305 769 2344 multis
801 2305 895 2343 haec
929 2316 1082 2356 quoque
1116 2317 1210 2343 cura
1240 2305 1335 2343 suit.
