1575 2489
532 85 596 117 ΙΙΙ.
622 93 688 118 1111
709 86 833 118 8—81.
1269 81 1350 122 177

71 200 114 232 45
135 194 240 232 Adde
275 193 377 244 quod
411 192 565 231 assidue
598 192 744 231 domini
776 192 957 231 meditata
992 191 1185 242 querellas
1295 199 1351 231 (91)

193 251 250 290 Ad
284 252 426 290 laetum
460 263 616 289 carmen
648 252 709 288 vix
742 263 826 289 mea
858 262 969 289 versa
1001 250 1081 301 lyra
1114 256 1197 289 est.

136 309 203 348 Vix
236 309 336 348 bona
368 315 457 360 post
488 314 594 348 tanto
628 311 831 359 quaerenti
862 308 979 348 verba
1013 308 1219 347 subibant:

193 367 242 406 Et
273 368 441 418 gaudere
475 367 617 418 aliquid
651 379 715 405 res
747 367 842 406 mihi
874 369 954 405 visa
985 378 1083 405 nova
1115 372 1198 406 est.

136 425 260 476 thue
293 425 549 464 reformidant
578 427 778 464 insuetum
810 425 955 464 lumina
987 425 1133 477 solem,

71 493 114 523 50
197 484 260 522 Sic
293 485 338 523 ad
370 484 555 523 laetitiam
589 496 697 522 mens
730 496 814 522 mea
848 485 977 534 segnis
1009 489 1115 522 erat.

134 542 204 581 Est
237 554 391 592 quoque
426 548 657 581 cunctarum
689 544 838 581 novitas
870 543 1069 580 carissima
1101 553 1262 580 rerum:

192 600 399 651 Gratiaque
433 601 558 639 officio
579 632 589 652 ,
622 601 725 651 quod
757 613 865 639 mora
896 600 1052 651 tardat,
1084 599 1215 638 abest.

135 658 271 698 Cetera
305 660 482 697 certatim
514 659 561 697 de
595 671 732 709 magno
765 660 910 709 scripta
942 657 1141 709 triumpho

192 717 270 755 Iam
303 717 454 768 pridem
486 717 620 768 populi
651 718 831 768 suspicor
863 729 929 755 ore
961 716 1059 765 legi.

70 783 113 814 55
136 775 199 814 llla
232 775 330 814 bibit
361 777 497 814 sitiens
529 775 681 826 lector,
713 787 797 813 mea
829 774 967 825 pocula
999 773 1167 824 plenus:

192 833 258 872 Illa
290 846 429 872 recens
461 840 552 884 pota
584 839 672 885 est,
704 838 837 871 nostra
870 831 1018 883 tepebit
1050 844 1172 882 aqua.

133 892 218 930 Non
251 904 322 942 ego
355 894 531 943 cessavi,
563 903 636 930 nec
668 892 760 929 fecit
791 892 931 929 inertia
964 901 1119 929 serum.

191 950 331 988 Ultima
363 963 424 989 me
457 951 555 988 vasti
586 951 754 988 sustinet
785 961 852 987 ora
885 949 998 987 freti.

133 1008 231 1047 Dum
262 1010 367 1047 venit
397 1009 474 1047 huc
506 1020 671 1060 rumor,
703 1013 991 1059 properataque
1025 1007 1196 1045 carmina
1228 1006 1351 1060 fiunt,

69 1075 113 1105 60
192 1066 385 1117 Factaque
419 1072 514 1105 eunt
546 1067 592 1105 ad
624 1078 691 1104 vos
711 1097 721 1117 ,
753 1078 878 1104 annus
910 1065 1036 1104 abisse
1070 1070 1224 1116 potest.

133 1124 212 1163 Nec
245 1126 447 1164 minimum
480 1125 630 1173 refert,
663 1126 805 1163 intaeta
838 1126 986 1162 rosaria
1018 1125 1193 1175 primus,

191 1184 249 1221 An
281 1196 368 1222 sera
400 1195 535 1234 carpas
567 1195 689 1234 paene
721 1183 857 1221 relicta
889 1194 1028 1221 manu.

135 1241 235 1286 Quid
269 1243 411 1280 mirum
431 1273 441 1293 ‚
472 1242 583 1280 lectis
616 1241 802 1280 exhausto
835 1239 997 1279 floribus
1030 1240 1143 1279 horto
1162 1272 1173 1291 ,

193 1300 234 1338 Si
267 1301 347 1339 vice
380 1312 458 1339 non
491 1300 590 1339 facta
623 1305 682 1338 est
714 1299 827 1350 digna
860 1311 1003 1338 corona
1036 1295 1139 1337 sua?

70 1366 113 1397 65
135 1358 331 1409 Deprecor
350 1390 360 1409 ,
392 1359 487 1397 haec
519 1363 648 1396 vatum
681 1364 816 1396 contra
848 1370 917 1396 sua
949 1358 1120 1396 earmina
1152 1369 1200 1395 ne
1233 1358 1321 1408 quis

191 1417 300 1455 Dicta
333 1422 471 1467 putet.
528 1429 598 1467 pro
631 1428 671 1454 se
705 1415 814 1454 Musa
846 1416 973 1454 locuta
1007 1427 1091 1454 mea
1123 1421 1206 1454 est.

134 1475 233 1514 Sunt
264 1475 358 1513 mihi
390 1474 844 1513 vobiscum-communia
876 1486 984 1512 sacra
1003 1505 1013 1525 ‚
1045 1479 1206 1526 poetae,
1293 1483 1348 1514 (92)

192 1533 234 1571 In
268 1539 396 1572 vestro
429 1534 583 1571 miseris
617 1534 649 1571 si
680 1533 772 1571 licet
804 1544 889 1571 esse
923 1532 1066 1570 choro.

132 1592 345 1642 Magnaque
377 1604 467 1643 pars
499 1593 648 1630 animae
680 1603 834 1629 mecum
866 1591 1040 1641 vixistis,
1072 1591 1208 1629 amici:

69 1658 111 1690 70
190 1650 269 1689 Hac
302 1662 371 1701 ego
405 1662 472 1688 vos
505 1649 645 1688 absens
677 1662 781 1688 nunc
814 1661 970 1700 quoque
1003 1655 1113 1699 parte
1146 1648 1253 1687 0010.

134 1708 220 1747 Sint
250 1710 370 1758 igitur
401 1714 530 1747 vestro
563 1720 648 1746 mea
680 1707 948 1747 commendata
981 1707 1103 1745 favori

194 1766 400 1818 Carmina,
434 1779 510 1805 non
543 1779 703 1818 possum
735 1779 805 1817 pro
839 1766 981 1817 quibus
1014 1767 1097 1815 ipse
1129 1765 1258 1815 loqui.

134 1825 285 1876 Scripta
317 1825 472 1876 placent
503 1837 524 1863 a
555 1831 680 1863 morte
714 1826 825 1875 sere3
858 1826 946 1875 quia
979 1823 1132 1862 laedere
1165 1825 1271 1862 vivos

189 1884 305 1923 Livor
337 1889 376 1922 et
407 1885 551 1922 iniusto
585 1895 746 1934 carpere
778 1884 893 1922 dente
926 1882 1047 1921 solet.

70 1950 112 1981 75
140 1942 179 1981 Si
211 1954 334 1993 genus
368 1947 428 1980 est
458 1943 595 1980 mortis
628 1941 725 1980 male
758 1943 887 1979 vivere
907 1972 917 1992 ‚
950 1946 1055 1979 terra
1086 1945 1288 1991 moratur,

189 2000 238 2040 Et
270 2001 411 2039 desunt
443 2001 530 2039 satis
564 2000 643 2039 sola
676 1999 881 2051 sepulchra
914 2000 1033 2037 meis.

132 2059 306 2110 Denique
339 2071 437 2110 opus
470 2065 626 2098 nostrae
659 2059 840 2109 culpetur
872 2063 916 2096 ut
948 2058 1120 2107 undique
1154 2069 1293 2108 curae,

189 2118 369 2157 Officium
400 2130 513 2156 nemo
547 2119 614 2168 qui
645 2116 928 2168 reprehendat,
962 2117 1058 2154 erit.

131 2176 180 2214 Ut
212 2177 339 2214 desint
370 2178 472 2215 vires
491 2207 502 2227 ‚
534 2181 663 2215 tamen
697 2181 756 2214 est
786 2174 975 2214 laudanda
1007 2174 1208 2213 voluntas.

68 2242 111 2273 80
189 2234 268 2273 Hac
302 2247 371 2285 ego
405 2240 610 2274 contentos
644 2247 814 2285 auguror
846 2246 932 2272 esse
965 2233 1080 2271 deos.

131 2292 232 2332 Haec
264 2293 380 2345 facit,
414 2299 456 2332 ut
488 2295 616 2332 veniat
641 2305 789 2345 pauper
817 2304 973 2344 quoque
1005 2297 1139 2343 gratus
1166 2290 1212 2330 ad
1240 2303 1344 2339 aras,

85 2364 189 2392 ovm.
219 2366 277 2392 111.
1092 2360 1134 2391 12
