1575 2489
207 97 290 138 178
746 95 810 127 Ex
834 95 992 127 PONTo

380 204 429 243 Et
459 204 609 254 placeat
640 214 753 241 caeso
786 213 863 240 non
894 203 1023 241 minus
1055 215 1150 254 agna
1182 203 1301 242 bove.

324 263 399 301 Res
432 273 588 312 quoque
620 267 726 299 tanta
758 260 832 298 fuit
849 291 860 311 ,
893 268 1057 310 quantae
1089 261 1303 300 subsistere
1337 274 1488 301 summo

382 320 575 358 Aeneidos
607 320 685 357 vati
716 318 861 369 grande
894 319 1033 358 fuisset
1064 332 1185 358 onus.

259 387 302 418 85
323 378 441 416 Ferre
474 379 590 416 etiam
623 376 756 414 molles
789 376 889 427 elegi
921 383 995 415 tam
1029 384 1133 416 vasta
1167 377 1353 428 triumphi

381 435 559 474 Pondera
591 433 812 485 disparibus
845 446 922 473 non
954 442 1117 486 potuere
1148 437 1267 474 rotis.

323 494 408 540 Quo
441 494 539 545 pede
572 505 676 532 nunc
708 499 825 543 utar,
857 492 973 531 dubia
1004 500 1064 532 est
1095 496 1286 532 sententia
1319 494 1453 534 nobis:

381 552 490 590 Alter
522 553 626 590 enim
658 551 704 589 de
738 557 775 589 te
795 582 805 601 ,
837 550 970 589 Rhene
989 582 1000 603 ‚
1032 552 1253 603 triumphus
1285 553 1412 591 adest.

322 610 442 649 Inrita
474 616 669 648 motorum
701 621 780 647 non
811 615 903 647 sunt
933 612 1131 660 praesagia
1163 616 1316 650 vatum:
1480 620 1536 652 (93)

259 678 303 708 00
384 668 516 707 Danda
547 667 627 706 Iovi
658 667 792 706 laurus
811 699 821 718 ,
853 668 944 705 dum
977 669 1084 718 prior
1116 668 1178 706 illa
1211 670 1330 707 viret.

321 726 401 766 Nec
439 739 525 765 mea
561 725 680 764 verba
717 725 843 776 legis,
884 727 951 775 qui
988 738 1075 764 sum
1112 733 1329 765 summotus
1367 727 1413 765 ad

1050 783 1249 836 Histrum,

381 843 465 882 Non
498 842 598 881 bene
631 843 776 893 pacatis
807 842 967 880 flumina
999 850 1088 893 pota
1120 842 1251 882 Getis:

323 901 400 941 Ista
433 901 495 940 dei
528 913 599 939 vox
632 908 718 939 est.
776 900 872 938 deus
905 907 964 938 est
994 902 1034 938 in
1066 907 1224 951 pectore
1257 907 1418 940 nostro.

381 959 485 998 Haec
517 959 616 998 duce
648 958 831 1010 praedico
866 960 1131 1009 vaticinorque
1164 959 1258 998 deo.

258 1027 301 1057 95
323 1018 424 1063 Quid
458 1029 587 1056 cessas
620 1029 780 1055 currum
812 1029 1070 1067 pompamque
1102 1029 1238 1068 parare
1271 1017 1502 1069 triumphis,

382 1076 488 1114 Livia
507 1073 529 1114 ἶ)
571 1077 647 1114 iam
679 1074 804 1113 nullas
837 1074 929 1113 dant
961 1075 1030 1113 tibi
1062 1075 1160 1113 bella
1193 1087 1343 1114 moras.

322 1134 475 1173 Perfida
508 1133 706 1172 damnatas
739 1133 942 1170 Germania
975 1135 1115 1183 proicit
1146 1133 1298 1172 hastas.

383 1192 462 1230 Iam
493 1191 646 1243 pondus
679 1191 786 1229 dices
818 1203 931 1229 omen
963 1190 1105 1230 habere
1138 1203 1291 1230 meum.

325 1250 479 1302 Crede,
512 1249 699 1300 brevique
732 1249 827 1287 fides
860 1249 1011 1287 aderit.
1067 1250 1277 1300 geminabit
1308 1250 1495 1289 honorem

238 1319 303 1349 100
384 1308 505 1347 Filius
526 1340 536 1359 ,
569 1316 607 1347 et
638 1309 782 1346 iunctis
817 1314 857 1346 ut
888 1309 998 1358 prius
1030 1307 1102 1346 ibit
1133 1309 1267 1359 equis.

323 1367 463 1406 Prome
483 1398 493 1418 ‚
527 1366 629 1417 quod
661 1368 798 1404 inicias
829 1367 975 1404 umeris
1009 1366 1219 1405 victoribus
1238 1397 1249 1418 ‚
1282 1372 1455 1406 ostrum:

383 1425 470 1476 Ipsa
501 1431 631 1476 potest
663 1424 820 1463 solitum
854 1436 968 1462 nosse
1002 1436 1144 1462 corona
1177 1432 1315 1475 caput:

326 1485 473 1534 Scuta,
506 1484 572 1521 sed
607 1490 645 1522 et
676 1482 805 1533 galeae
837 1484 999 1533 gemmis
1032 1483 1233 1521 radientur
1266 1490 1304 1521 et
1336 1496 1456 1535 auro,

384 1542 574 1593 stentque
608 1553 725 1591 super
758 1542 880 1579 victos
914 1547 1050 1579 trunca
1084 1548 1238 1591 tropaea
1272 1543 1397 1581 viros:

239 1610 302 1640 105
325 1600 474 1651 Oppida
508 1601 659 1638 turritis
692 1601 897 1649 cingantur
930 1598 1102 1637 eburnea
1134 1602 1279 1651 muris,

385 1658 569 1708 Fictaque
602 1670 665 1696 res
699 1669 790 1695 vero
823 1669 930 1695 more
963 1663 1123 1708 putetur
1156 1659 1236 1707 agi,

326 1716 533 1768 Squalidus
565 1718 747 1754 inmissos
780 1717 899 1754 fracta
933 1715 1004 1753 sub
1038 1715 1254 1754 harundine
1287 1717 1416 1755 crines

383 1775 542 1813 Rhenus
575 1782 613 1812 et
644 1775 807 1812 infectas
840 1775 1025 1824 sanguine
1058 1781 1196 1824 porgat
1227 1786 1368 1825 aquas.

326 1833 494 1872 Barbara
526 1834 602 1871 iam
635 1834 735 1883 capti
767 1839 934 1883 poscunt
964 1833 1129 1882 insignia
1162 1845 1297 1884 reges,

239 1902 303 1932 110
383 1892 581 1942 Textaque
615 1892 771 1930 fortuna
803 1890 980 1929 divitiora
1013 1902 1104 1928 sua:

324 1951 374 1989 Et
405 1961 503 2001 quae
536 1956 737 2001 praeterea
772 1951 893 1987 virtus
925 1950 1065 1987 invicta
1100 1956 1255 1987 tuorum
1480 1957 1535 1989 (94)

386 2008 507 2059 Saepe
540 2016 672 2059 parata
705 2007 803 2059 tihi,
836 2019 949 2058 saepe
982 2007 1149 2057 paranda
1182 2008 1297 2046 facit.

325 2067 399 2116 Di,
433 2078 598 2117 quorum
632 2067 782 2104 monitu
814 2077 948 2104 sumus
982 2074 1166 2104 eventura
1199 2066 1340 2116 locuti,

387 2124 536 2176 Verba,
568 2136 737 2176 precor,
770 2123 888 2163 celeri
921 2132 1051 2162 nostra
1086 2124 1246 2175 probate
1278 2123 1376 2163 fide!
