1575 2489
545 97 586 128 v.
612 98 808 130 467—539.
1263 97 1341 138 117

132 204 284 255 Quique
316 203 560 255 Lycurgiden
591 204 751 255 letavit,
785 209 824 243 et
855 203 993 243 arbore
1026 210 1183 258 natum,

188 262 423 313 Idmonaque
455 262 639 301 audacem
658 293 669 314 ,
701 268 739 301 te
773 275 928 313 quoque
961 270 1116 315 rumpat
1147 276 1262 316 aper.

43 329 110 360 505
130 319 244 371 Isque
277 320 336 359 vel
368 322 554 359 exanimis
587 321 702 359 faciat
734 320 804 359 tibi
836 320 977 359 vulnus
996 352 1007 374 ,
1039 328 1083 361 ut
1114 321 1166 360 illi
1177 353 1187 374 ,

189 378 265 417 Ora
297 390 415 429 super
447 379 513 416 fixi
545 391 661 429 quem
693 379 869 418 cecidere
904 381 1007 419 suis.

130 436 217 475 Sive
248 436 350 474 idem
369 467 380 488 7
414 436 529 475 simili
559 438 675 488 pinus
708 449 824 487 quem
857 443 981 476 morte
1013 440 1204 490 peremit,

190 494 335 545 [Phryx
368 500 406 533 et
437 500 596 533 venator
629 496 681 534 sis
713 495 1014 546 Berecyntiades
1029 495 1054 545 .]

131 552 171 591 Si
202 559 267 591 tua
300 554 507 603 contigerit
538 552 686 592 Minoas
718 555 860 604 puppis
892 553 1080 606 harenas,
1288 562 1344 596 (24)

41 619 107 650 510
187 610 240 649 Te
274 610 533 662 Corcyraeum
566 611 720 650 Cressia
753 611 867 650 turba
898 617 1032 662 putet.

127 668 418 720 Lapsuramque
451 669 608 708 domum
641 669 780 708 subeas
800 702 810 722 ‚
842 674 887 708 ut
918 671 1074 720 sanguis
1106 669 1273 722 Aleuae,

188 726 288 765 Sella
318 726 582 779 Leoprepidae
616 740 705 767 cum
736 729 816 766 ruit
848 727 995 778 absque
1029 729 1133 767 viro.

126 784 255 835 thue
289 785 346 823 vel
378 785 536 824 Euenus
556 816 567 837 ,
599 788 767 824 torrenti
798 786 957 823 flumine
990 798 1143 825 mersus

40 851 107 882 514
186 843 349 881 Nomina
381 843 450 882 des
482 843 639 894 rapidae
659 875 669 895 ,
700 844 760 882 vel
792 843 1028 895 Tiberinus,
1061 856 1207 895 aquae.

44 923 92 928 „-
127 901 406 952 Astacidaeque
439 902 553 940 modo
587 902 711 941 defixa
743 901 928 940 cadavera
960 907 1125 955 trunco,

184 959 306 1010 Digna
338 960 460 1011 feris,
492 960 660 998 hominis
693 961 744 999 sit
775 965 891 1011 caput
923 972 1011 999 esca
1042 965 1152 1000 tuum
1172 993 1182 1012 ,

43 1039 90 1045 --
127 1017 318 1068 Quodque
344 1018 476 1056 ferunt
501 1017 667 1057 Brotean
695 1018 834 1057 fecisse
862 1018 1043 1069 cupidine
1070 1021 1229 1071 mortiS,

185 1075 259 1114 Des
292 1081 357 1114 tua
390 1088 601 1114 succensae
634 1076 808 1115 membra
840 1077 1047 1115 cremanda
1078 1090 1217 1129 pyrae.

126 1132 383 1184 Inclususque
415 1146 552 1173 necem
585 1147 698 1173 cavea
730 1136 889 1186 patiaris
909 1167 920 1186 ,
951 1141 995 1174 ut.
1026 1135 1089 1174 ille

39 1200 106 1230 520
186 1192 270 1230 Non
302 1193 548 1243 profecturae
581 1193 760 1232 conditor
791 1192 1002 1234 historiae.

127 1249 254 1300 thue
286 1252 479 1301 repertori
510 1252 646 1290 nocuit
677 1252 864 1302 pugnacis
896 1251 1036 1299 iambi,

187 1308 249 1346 Sic
281 1309 330 1346 sit
362 1310 402 1347 in
435 1310 595 1348 exitium
626 1309 755 1360 lingua
787 1314 968 1360 proterva
1000 1315 1133 1348 tuum.

126 1365 253 1416 thue
284 1379 422 1417 parum
455 1367 581 1405 stabili
613 1369 680 1417 qui
712 1369 882 1406 carmine
914 1367 1025 1407 laesit
1056 1368 1251 1420 Athenas,

183 1424 334 1463 Invisus
365 1437 503 1475 pereas
535 1425 739 1464 deficiente
773 1425 882 1464 cibo.

40 1491 105 1522 525
127 1482 253 1533 thue
285 1483 388 1534 lyrae
421 1489 527 1522 vates
560 1484 684 1522 fertur
715 1485 879 1534 periisse
913 1496 1094 1537 severae,

187 1541 308 1580 Causa
341 1542 391 1580 sit
422 1543 529 1580 exitii
561 1541 719 1580 dextera
751 1541 852 1580 laesa
884 1543 963 1581 tui.

126 1599 254 1650 thue
286 1600 588 1649 Agamemnonio
620 1600 761 1638 vulnus
793 1600 899 1639 dedit
930 1602 1066 1652 anguis
1099 1600 1253 1655 Oresti,

185 1657 243 1696 Tu
277 1670 431 1708 quoque
465 1659 512 1697 de
544 1670 677 1697 morsu
710 1660 816 1697 virus
848 1658 1014 1698 habente
1048 1659 1187 1699 cadas.

129 1715 188 1754 Sit
218 1715 289 1754 tibi
321 1717 491 1766 coniugii
523 1729 598 1755 nox
629 1718 753 1768 prima
786 1718 993 1756 novissima
1025 1719 1147 1758 vitae:

41 1781 105 1813 530
184 1773 343 1825 Eupolis
374 1774 447 1812 hoc
479 1776 595 1826 periit
627 1781 666 1814 et
696 1787 793 1813 nova
825 1781 946 1827 nupta
977 1776 1090 1815 modo
1109 1807 1117 1815 .

126 1831 251 1882 thue
278 1832 554 1872 cothurnatum
581 1833 767 1871 cecidisse
795 1833 1050 1885 Lycophrona
1076 1840 1256 1887 narrant,
1284 1843 1340 1876 (25)

184 1889 349 1929 Haereat
380 1893 420 1929 in
451 1891 559 1929 fibris
591 1892 664 1929 fixa
698 1893 834 1942 sagitta
867 1894 968 1932 tuis.

126 1949 201 1988 Aut
231 1949 333 1987 lacer
365 1951 404 1988 in
437 1949 531 1988 silva
563 1949 740 1988 manibus
773 1962 955 2001 spargare
988 1957 1169 2004 tuorum,

185 2006 351 2058 Sparsus
382 2013 426 2046 ut
458 2013 518 2046 est
549 2008 693 2046 Thebis
726 2020 849 2059 angue
882 2014 1036 2048 creatus
1069 2022 1161 2048 avo,

40 2071 105 2103 535
126 2065 278 2116 Perque
310 2065 414 2104 feros
446 2071 597 2105 montes
629 2073 740 2105 tauro
772 2068 946 2118 rapiente
978 2067 1169 2119 traharis,

183 2123 233 2162 Ut
264 2129 385 2162 tracta
418 2130 477 2163 est
508 2126 677 2163 coniunx
709 2127 918 2176 imperiosa
950 2125 1069 2176 Lyci.

127 2181 315 2232 Quodque
348 2194 438 2220 suae
471 2195 582 2233 passa
615 2190 675 2222 est
706 2183 839 2234 paelex
870 2185 990 2222 invita
1022 2185 1191 2236 sororis,

184 2239 345 2278 Excidat
377 2246 464 2279 ante
496 2241 616 2292 pedes
648 2241 778 2292 lingua
810 2247 960 2280 resecta
992 2247 1103 2281 tuos.

128 2297 330 2348 [Conditor
362 2305 405 2338 ut
436 2299 565 2338 tardae
585 2330 596 2351 ‚
628 2299 787 2338 Blaesus
821 2301 1048 2351 cognomine
1068 2331 1079 2352 ,
1112 2300 1255 2354 Cyrae,
