1575 2489
560 65 605 97 11.
634 66 827 98 776—843.
1273 63 1357 104 257

148 171 248 217 Quid
267 202 278 223 ,
309 172 462 222 victor,
494 170 638 222 gaudes
658 169 679 210 P
721 171 815 210 haec
847 177 885 210 te
917 173 1077 210 victoria
1108 172 1268 223 perdet.

204 228 290 268 IIeu
323 234 467 280 quanto
499 231 631 280 regnis
662 241 738 268 nox
770 230 878 268 stetit
909 241 986 268 una
1017 229 1117 270 tuis!

146 287 302 337 lamque
335 292 418 325 erat
450 293 534 325 orta
565 288 647 326 dies
668 318 676 326 .
732 289 855 339 passis
888 288 996 327 sedet
1027 287 1089 326 illa
1122 287 1291 340 capillis,

209 344 258 384 Ut
290 344 388 383 solet
419 345 465 384 ad
498 347 578 384 nati
609 352 732 385 mater
763 348 865 385 itura
897 357 1060 396 rogum:

19 412 126 458 0815
147 402 493 454 Grandaevumque
524 410 674 455 patrem
706 404 782 442 fido
815 417 903 443 cum
935 406 1099 454 coniuge
1132 405 1270 443 castris

203 460 376 500 Evocat.
434 468 471 500 et
502 464 627 512 posita
659 464 765 501 venit
795 468 960 514 uterque
993 475 1123 501 mora.

146 518 272 570 thue
304 519 435 558 vident
466 519 640 559 habitum
659 552 670 572 ,
703 532 800 571 quae
832 521 961 560 luctus
993 533 1107 560 causa
1127 552 1137 571 ,

1069 579 1298 630 requirunt,

204 634 274 674 Cui
306 642 416 686 paret
448 638 659 688 exequias,
692 648 816 688 quove
849 638 899 676 sit
929 638 1004 676 icta
1036 637 1135 676 malo
1155 634 1176 676 P

145 693 211 732 llla
244 693 310 732 diu
343 695 511 746 reticet,
543 694 847 746 pudibundaque
880 694 978 733 celat
1010 697 1153 734 amictu

58 759 125 790 820
204 751 309 790 Ora:
353 752 480 791 ssuunt
511 752 690 792 lacrimae
722 765 830 791 more
862 754 1045 804 perennis
1078 764 1222 803 aquae.

145 808 244 848 Hinc
275 815 415 863 pater,
445 811 537 850 hinc
569 813 738 850 coniunx
769 810 948 849 lacrimas
980 810 1183 862 solantur,
1215 815 1254 848 et

1166 874 1300 920 orant,

202 925 378 977 Indicet,
412 931 450 965 et
481 938 596 965 caeco
627 927 799 977 ssentque
831 932 1049 978 paventque
1081 932 1209 965 metu.

144 983 222 1022 Ter
253 990 388 1022 conata
419 984 525 1035 loqui
557 990 615 1023 ter
649 984 825 1024 destitit:
869 997 1038 1036 ausaque
1072 991 1229 1036 quartO,

203 1041 289 1080 Non
321 1042 454 1081 oculos
486 1042 572 1080 ideo
606 1043 763 1082 sustulit
793 1043 854 1081 illa
889 1055 1000 1083 suos.

57 1107 124 1139 825
145 1096 248 1138 ‘Hoc
282 1112 436 1150 quoque
469 1100 680 1152 Tarquinio
713 1100 982 1140 debebimus?
1020 1097 1229 1152 eloquar,’

1148 1160 1297 1210 inquit,

203 1212 394 1266 ‘Eloquar
424 1216 557 1255 infelix
591 1217 760 1256 dedecus
791 1219 874 1268 ipsa
906 1214 1089 1256 meum‘P’

146 1273 329 1325 Quaeque
362 1280 520 1326 potest,
552 1281 711 1314 narrat.
767 1275 966 1314 restabant
997 1275 1154 1314 ultima:
1198 1274 1326 1327 ssevit,

202 1332 250 1370 Et
283 1332 516 1371 matronales
549 1332 743 1372 erubuere
775 1345 919 1384 genae.

144 1390 242 1429 Dant
274 1393 423 1429 veniam
456 1392 557 1430 sacto
588 1393 740 1442 genitor
773 1394 1020 1442 coniunxque
1052 1397 1230 1431 coactae:

57 1456 124 1488 830
205 1446 368 1493 ‘Quam'
401 1449 497 1487 dixit
529 1446 699 1488 ‘veniam
732 1462 799 1488 vos
831 1450 958 1501 datis,
990 1452 1072 1500 ipsa
1104 1447 1246 1501 nego.'

144 1506 224 1546 Nec
256 1518 362 1545 mora
382 1538 392 1558 ,
425 1507 546 1546 celato
579 1508 661 1546 fixit
692 1520 760 1546 sua
792 1514 951 1559 pectora
983 1509 1109 1559 ferro,

202 1565 248 1603 Et
283 1565 385 1604 cadit
415 1567 454 1604 in
486 1568 632 1617 patrios
665 1566 962 1617 sanguinulenta
993 1566 1135 1617 pedes.

143 1623 253 1662 Tunc
286 1635 440 1675 quoque
460 1656 470 1675 ,
502 1625 576 1662 iam
608 1626 809 1677 moriens,
841 1637 889 1663 ne
922 1636 998 1662 non
1031 1623 1261 1675 procumbat

866 1682 1052 1734 honeste,

203 1738 403 1790 Respicit.
459 1739 555 1778 haec
587 1741 701 1778 etiam
734 1753 826 1779 cura
860 1740 1033 1779 cadentis
1066 1746 1171 1779 erat.

57 1805 123 1837 835
144 1797 245 1836 Ecce
278 1809 396 1848 super
427 1810 598 1849 corpus,
631 1800 848 1837 communia
881 1799 1018 1837 damna
1050 1804 1273 1850 gementes,

203 1855 320 1894 Obliti
353 1855 534 1907 decoris,
566 1857 702 1907 virque
734 1862 922 1908 paterque
953 1859 1103 1895 iacent.

143 1913 287 1953 Brutus
320 1913 458 1966 adest,
490 1914 722 1965 tandemque
755 1917 882 1954 animo
915 1927 983 1953 sua
1014 1915 1170 1953 nomina
1202 1914 1320 1966 fallit,

201 1971 371 2023 Fixaque
404 1974 619 2011 semianimi
650 1985 814 2024 corpore
846 1972 920 2012 tela
951 1974 1074 2024 rapit,

146 2030 441 2082 Stillantemque
474 2037 611 2069 tenens
643 2043 833 2082 generoso
867 2032 1053 2082 sanguine
1085 2029 1255 2069 cultrum

59 2096 125 2128 840
204 2088 334 2127 Edidit
364 2089 576 2140 impavidos
609 2101 675 2127 ore
708 2091 878 2128 minante
911 2101 1051 2128 sonos:

145 2143 240 2185 ‘Per
271 2147 342 2185 tibi
374 2159 444 2198 ego
470 2147 574 2187 hunc
605 2149 692 2186 iuro
724 2148 864 2186 fortem
891 2152 1119 2198 castumque
1151 2159 1348 2199 cruorem,

202 2205 354 2256 Perque
388 2212 474 2244 tuos
506 2217 667 2258 manes,
701 2207 767 2257 qui
798 2205 893 2245 mihi
924 2217 1067 2244 numen
1101 2211 1242 2257 erunt,

144 2263 398 2314 Tarquinium
430 2265 592 2316 profuga
623 2276 768 2315 poenas
800 2276 888 2303 cum
921 2265 1042 2315 stirpe
1073 2262 1277 2302 daturum.

99 2333 204 2362 ovm.
236 2335 293 2361 111.
1104 2332 1144 2363 17
