1575 2489
620 71 660 103 v.
689 73 882 104 657-722.
1335 69 1415 111 331

202 177 306 216 TalIa
338 176 557 217 Mercurius
588 184 795 230 poscentes
829 178 930 217 ridet
962 178 1008 217 ab
1041 178 1140 231 alto,

260 235 310 274 Se
341 248 491 274 memor
523 236 702 288 Ortygias
734 238 974 288 surripuisse
1005 236 1148 275 boves.

656 346 722 386 520.
755 344 835 387 DC

199 439 247 477 At
278 439 371 478 mihi
403 440 526 490 pande
546 472 556 492 ‚
588 452 758 493 precor,
790 446 896 479 tanto
929 440 1089 478 meliora
1121 442 1293 492 petenti,

256 496 301 535 In
333 497 516 537 Geminos
550 511 594 537 ex
629 511 705 550 quo
738 504 912 550 tempore
944 498 1126 537 Phoebus
1159 504 1242 537 eat.

112 563 179 594 695
201 551 321 594 ‘Cum
353 556 516 595 totidem
548 556 595 595 de
627 569 761 596 mense
794 557 876 596 dies
909 569 1116 608 superesse
1149 556 1322 609 videbis,

258 613 361 659 Quot
393 621 484 654 sunt
516 615 699 654 Herculei
731 616 830 654 facta
862 612 1026 654 laboris'
1059 617 1133 654 ait.

199 667 309 710 ‘Dic'
343 685 412 723 ego
446 674 630 725 respondi
663 671 839 712 ‘causam
872 674 967 712 mihi
999 673 1138 712 sideris
1169 670 1333 713 huius.'

257 730 419 770 Causam
452 732 618 773 facundo
651 732 821 771 reddidit
852 744 919 771 ore
951 732 1074 771 deus:

198 784 471 828 ‘Abstulerant
501 798 631 841 raptas
662 790 847 829 Phoeben
878 790 1135 840 Phoebesque
1168 802 1344 829 sororem

109 855 176 886 700
256 847 498 898 Tyndaridae
531 849 672 887 fratres
691 880 701 900 ,
732 849 796 887 hic
828 860 949 899 eques
968 880 979 900 ‚
1011 847 1074 886 ille
1106 848 1237 899 pugil.

195 904 301 943 Bella
332 914 497 958 parant,
529 912 791 958 repetuntque
824 918 914 945 suas
946 912 986 945 et
1017 906 1137 946 frater
1168 913 1208 946 et
1238 906 1348 958 Idas,

254 963 453 1015 Leucippo
485 965 571 1003 fieri
601 971 738 1016 pactus
771 970 938 1016 uterque
971 977 1113 1016 gener.

195 1018 264 1060 His
296 1034 434 1074 amor,
465 1028 509 1062 ut
540 1028 747 1075 repetant,
779 1023 854 1062 illis
874 1055 884 1075 ,
916 1029 960 1062 ut
991 1023 1156 1062 reddere
1190 1023 1337 1075 nolim,

256 1079 429 1132 Suadet;
463 1087 502 1120 et
532 1093 579 1119 ex
611 1094 726 1120 causa
757 1088 905 1133 pugnat
936 1087 1103 1133 uterque
1135 1083 1242 1133 pari.

109 1146 175 1177 705
196 1137 377 1189 Effugere
410 1138 617 1178 Oebalidae
649 1151 768 1179 cursu
799 1146 963 1191 potuere
997 1146 1231 1193 sequentes,

257 1196 332 1235 Sed
365 1198 491 1236 visum
524 1197 642 1237 celeri
672 1200 829 1237 vincere
862 1205 977 1250 turpe
1009 1199 1123 1249 suga.

194 1254 311 1294 Liber
344 1255 390 1294 ab
422 1255 628 1295 arboribus
659 1256 768 1295 locus
801 1262 889 1309 est,
921 1262 1009 1308 apta
1040 1269 1129 1296 area
1159 1269 1336 1309 pugnae:

254 1313 519 1353 Constiterant
549 1315 655 1354 illic.
712 1327 855 1354 nomen
886 1315 1062 1367 Aphidna
1093 1315 1203 1355 loco.

195 1372 360 1411 Pectora
392 1374 580 1412 traiectus
612 1373 766 1424 Lynceo
800 1373 937 1413 Castor
970 1373 1016 1412 ab
1049 1385 1142 1412 ense

108 1438 175 1469 ’110
255 1430 340 1470 Non
373 1437 577 1482 expectato
611 1431 769 1471 volnere
800 1433 946 1483 pressit
977 1432 1163 1471 humum.

195 1488 306 1528 Ultor
338 1489 448 1528 adest
478 1489 615 1528 Pollux
634 1522 645 1542 ‚
678 1496 717 1529 et
747 1490 901 1541 Lyncea
931 1491 1106 1542 perforat
1137 1490 1246 1530 hasta

253 1547 337 1593 Qua
370 1549 499 1587 cervix
532 1560 691 1587 umeros
724 1550 948 1588 continuata
979 1550 1145 1600 premit.

194 1605 278 1645 Ibat
310 1607 348 1644 in
381 1606 485 1646 hunc
518 1606 603 1646 Idas
622 1638 633 1659 7
665 1608 806 1658 vixque
840 1613 901 1646 est
931 1607 1031 1646 lovis
1063 1609 1153 1658 igne
1185 1607 1394 1661 repulsus3

254 1664 346 1703 Tela
378 1671 508 1704 tamen
540 1665 699 1705 dextrae
732 1665 894 1705 fulmine
927 1672 1037 1717 rapta
1069 1671 1235 1717 negant.

108 1730 174 1761 715
196 1722 353 1773 lamque
386 1723 458 1762 tibi
476 1755 486 1775 ‚
518 1723 684 1776 Pollux,
717 1723 868 1763 caelum
900 1724 1066 1764 sublime
1099 1724 1277 1776 patebat,

253 1781 351 1820 Cum
383 1778 541 1820 “mea''
575 1781 707 1821 dixisti
739 1779 929 1835 “percipe
962 1782 1079 1822 verba
1099 1814 1108 1831 ‚
1141 1783 1274 1834 pater!

196 1839 306 1884 Quod
339 1839 434 1878 mihi
467 1840 533 1879 das
566 1842 635 1879 uni
668 1840 847 1893 caelum,
878 1843 1025 1892 partire
1059 1841 1237 1881 duobus:

252 1897 462 1937 Dimidium
493 1904 576 1937 toto
608 1911 772 1938 munere
804 1901 929 1938 maius
964 1896 1098 1938 erit.''

193 1955 296 1995 Dixit
327 1963 366 1995 et
397 1957 545 1996 alterna
576 1957 740 1996 fratrem
772 1959 939 1996 statione
972 1958 1160 1997 redemit.

106 2022 173 2053 720
252 2014 353 2054 Utile
386 2015 575 2055 sollIcitae
608 2015 716 2056 sidus
749 2022 962 2068 utrumque
995 2014 1115 2056 rati.'

521 2125 587 2165 21.
619 2124 656 2166 E
684 2123 951 2167 AGON·N³

194 2218 250 2257 Ad
282 2217 417 2257 lanum
449 2219 613 2273 redeat,
646 2221 713 2271 qui
745 2222 927 2272 quaerit,
959 2222 1106 2272 Agonia
1139 2221 1231 2272 quid
1265 2222 1368 2261 sint:

253 2276 359 2323 Quae
391 2282 522 2316 tamen
553 2279 594 2316 in
626 2279 736 2318 fastis
767 2279 841 2318 hoc
869 2291 1024 2331 quoque
1057 2286 1213 2332 tempus
1245 2279 1414 2320 habent.
