1575 2489
175 64 257 104 308
714 62 967 95 PASTORUM

288 171 373 209 Hoc
406 171 515 209 Celer
550 176 661 220 urget
693 182 819 220 opus,
853 181 967 219 quem
994 169 1181 207 Romulus
1214 171 1296 219 ipse
1329 172 1502 217 vocarat,

324 226 558 278 ,‘Sint'que
577 259 587 278 ‚
619 225 774 278 ‘Celer,
807 224 942 265 curae'
976 227 1125 265 dixerat
1156 224 1250 264 ‘ista
1281 232 1391 264 tuae.

291 287 394 324 Neve
427 287 513 336 quis
546 291 612 323 aut
642 297 776 323 muros
795 315 805 335 ,
837 291 903 322 aut
934 285 1072 323 factam
1104 296 1258 322 vomere
1291 284 1434 321 fossam

207 352 274 384 840
353 344 568 394 Transeat,
601 343 807 381 audentem
838 342 927 381 talia
959 342 1054 380 dede
1087 338 1222 381 neci.'

294 402 404 447 Quod
436 401 580 439 Remus
612 402 795 450 ignorans
827 400 995 438 humiles
1028 406 1276 439 contemnere
1310 410 1443 437 muros

353 460 517 511 Coepit,
550 464 588 497 et
620 455 700 496 this
732 454 921 509 populus'
955 458 1083 496 dicere
1117 456 1246 497 etutus
1278 452 1408 496 erit‘?'

292 517 370 557 Nec
401 529 537 568 mora,
569 516 791 555 transiluit.
848 521 957 554 rutro
991 516 1101 555 Celer
1138 521 1303 566 occupat
1340 526 1502 565 ausum,

351 575 417 614 Ille
450 576 591 625 premit
624 574 760 612 duram
792 574 1112 624 sanguinulentus
1143 575 1329 612 humum.

208 642 273 672 845
295 634 396 672 Haec
428 633 495 671 ubi
527 645 595 670 rex
629 632 791 684 didicit,
823 632 1001 670 lacrimas
1031 633 1225 670 introrsus
1258 631 1414 669 obortas

353 691 546 741 neverat,
580 696 618 728 et
651 690 824 728 clausum
855 696 1014 740 pectore
1045 690 1181 729 volnus
1213 689 1352 728 habet.

296 750 407 788 Flere
439 748 563 800 palam
595 761 672 787 non
704 747 783 786 volt
800 779 810 799 ,
845 748 1094 798 exemplaque
1127 749 1240 786 fortia
1273 754 1423 797 servat,

355 804 540 857 ‘Sic'que
574 803 702 844 emeos
735 818 867 844 muros
900 811 1072 844 transeat
1103 803 1246 844 hostis'
1280 807 1352 844 ait.

296 866 367 904 Dat
398 871 527 903 tamen
559 865 771 915 exequias3
803 876 875 902 nec
906 866 981 902 iam
1014 864 1252 915 suspendere
1284 863 1419 902 fletum

210 932 276 962 850
357 923 560 973 Sustinet,
594 929 632 961 et
662 923 785 972 pietas
818 921 1056 960 dissimulata
1089 928 1217 973 patet3

296 981 514 1031 Osculaque
547 980 733 1030 adplicuit
763 981 888 1030 posito
921 991 1102 1030 suprema
1133 981 1302 1030 feretro,

355 1041 479 1089 Atque
512 1040 564 1076 ait
596 1035 734 1076 ‘invito
767 1038 887 1076 frater
919 1038 1096 1088 adempte
1116 1069 1126 1088 ‚
1157 1035 1283 1076 valel'

299 1097 563 1146 [Arsurosque
596 1102 703 1133 artus
736 1097 874 1134 unxit.
930 1096 1058 1133 fecere
1078 1126 1088 1146 ‚
1121 1095 1223 1146 quod
1256 1095 1342 1146 ille,

356 1153 564 1192 Faustulus
597 1160 635 1191 et
666 1159 832 1191 maestas
863 1153 963 1191 Acca
996 1153 1120 1191 soluta
1152 1164 1302 1191 comas.

211 1222 276 1252 855
298 1214 397 1251 Tum
428 1215 607 1250 iuvenem
640 1211 810 1249 nondum
843 1211 934 1249 facti
964 1211 1105 1249 flevere
1139 1211 1332 1256 Quirites.

355 1271 497 1309 Ultima
528 1269 676 1320 plorato
711 1268 864 1307 subdita
896 1269 1047 1306 flamma
1080 1281 1173 1319 rogo
1207 1275 1265 1306 est
1280 1267 1306 1318 .]

298 1329 400 1367 Urbs
432 1330 557 1366 oritur
584 1349 625 1353 —
654 1328 740 1378 quis
773 1333 866 1365 tunc
893 1327 966 1365 hoc
993 1326 1061 1365 ulli
1093 1327 1253 1365 credere
1279 1324 1444 1377 posset?
1465 1348 1506 1352 —

356 1386 551 1425 Victorem
585 1387 700 1424 terris
731 1386 960 1436 impositura
991 1384 1152 1435 pedem.

300 1446 446 1484 Cuncta
478 1456 618 1494 regas,
651 1450 689 1481 et
721 1445 773 1481 sis
807 1455 942 1493 magno
976 1442 1047 1481 sub
1081 1443 1243 1481 Caesare
1276 1455 1452 1494 semper,

214 1512 278 1543 860
360 1502 480 1552 Saepe
514 1504 630 1540 etiam
660 1501 794 1551 plures
827 1502 993 1539 nominis
1025 1500 1141 1552 hujus
1172 1500 1293 1538 habe.

302 1561 366 1610 [Et
399 1561 578 1611 quotiens
611 1560 766 1597 steteris
798 1559 942 1596 domito
976 1558 1151 1596 sublimis
1183 1560 1222 1596 in
1255 1557 1371 1608 orbe7

358 1618 495 1656 Omnia
527 1619 604 1655 sint
634 1618 781 1655 umeris
812 1617 997 1655 inferiora
1028 1618 1105 1655 tuis
1120 1616 1146 1666 .]

537 1708 605 1748 22.
636 1707 736 1748 HN
804 1707 870 1748 23.
902 1705 1173 1747 AVIN-N>

300 1793 409 1831 Dicta
439 1791 549 1830 Pales
582 1790 721 1829 nobis.
777 1790 880 1828 idem
912 1789 1058 1828 Vinalia
1090 1790 1235 1828 dicam.
1438 1797 1510 1829 (153)

359 1850 441 1889 Una
472 1856 601 1888 tamen
634 1848 759 1886 media
791 1854 850 1886 est
881 1850 982 1886 inter
1014 1855 1218 1898 utramque
1252 1847 1354 1886 dies.

217 1917 282 1949 865
302 1909 470 1947 Numina
501 1907 675 1957 volgares
707 1905 869 1945 Veneris
901 1905 1094 1944 celebrate
1125 1904 1301 1956 puellae!

361 1966 479 2004 Multa
511 1966 776 2016 professarum
809 1963 1034 2015 quaestibus
1067 1970 1153 2014 apta
1184 1962 1335 2001 Venus.

304 2025 455 2063 Poscite
487 2030 576 2062 ture
609 2023 696 2061 dato
729 2023 892 2061 formam
922 2022 1133 2073 populique
1166 2021 1357 2071 favorem,

361 2083 515 2120 Poscite
547 2081 751 2119 blanditias
784 2081 974 2131 dignaque
1006 2079 1122 2118 verba
1153 2081 1261 2118 ioco.

307 2140 481 2191 Cumque
514 2152 583 2178 sua
614 2140 789 2178 dominae
823 2139 908 2176 date
941 2144 1047 2188 grata
1079 2137 1281 2188 sisymbria
1314 2141 1438 2188 myrto

219 2207 286 2238 870
365 2198 560 2248 Tectaque
594 2198 806 2247 composita
838 2198 974 2235 iuncea
1006 2195 1129 2234 vincla
1162 2208 1270 2234 rosa.

307 2256 466 2307 Templa
498 2256 737 2307 frequentari
769 2254 936 2293 Collinae
969 2255 1142 2305 proxima
1174 2261 1308 2305 portae
