1601 2484
551 69 615 101 111.
642 77 690 101 111
711 70 846 101 25—1v
867 71 896 102 5.
1327 67 1383 108 43

168 175 262 214 Nam
295 177 329 215 si
360 181 484 214 morte
516 187 654 214 carens
685 187 804 214 vacua
835 175 937 214 volat
969 175 1069 215 altus
1101 177 1141 214 in
1173 188 1266 214 aura

169 234 366 286 Spiritus,
399 239 438 272 et
470 233 588 272 Samii
621 239 712 273 sunt
743 239 826 272 rata
858 234 960 272 dicta
992 235 1120 285 senis,

167 293 272 331 Inter
305 291 538 330 Sarmaticas
569 291 741 330 Romana
772 292 974 343 vagabitur
1006 292 1188 343 umbras,

166 350 318 401 Perque
350 351 454 389 seros
487 361 618 388 manes
650 349 803 401 hospita
835 362 988 402 semper
1019 352 1117 402 erit3

103 416 146 446 65
167 408 263 447 Ossa
295 414 423 447 tamen
457 408 572 447 facito
604 420 721 458 parva
752 409 973 447 reserantur
1005 410 1046 447 in
1078 420 1198 447 urna:

167 466 230 505 Sic
263 478 333 516 ego
366 478 444 505 non
475 468 590 505 etiam
622 473 802 505 mortuus
834 467 923 505 exul
955 479 1046 505 ero.

165 524 249 563 Non
270 530 373 563 vetat
398 525 471 563 hoc
492 526 719 575 quisquam:
746 525 905 564 fratrem
925 524 1108 563 Thebana
1134 528 1382 576 peremptum

170 583 383 634 Supposuit
414 583 563 622 tumulo
597 595 688 633 rege
720 588 873 621 vetante
906 594 1040 621 soror.

165 642 290 692 Atque
323 653 366 680 ea
397 653 485 680 cum
518 640 620 680 soliis
652 646 691 679 et
722 643 862 679 amomi
892 640 1052 692 pulvere
1084 641 1228 691 misce,

102 708 145 738 70
166 698 286 750 Inque
319 699 543 738 suburbano
577 699 730 737 condita
762 711 861 749 pone
895 698 999 750 solo;

166 757 350 808 Quosque
382 757 483 808 legat
515 769 650 796 versus
681 757 793 795 oculo
826 762 1061 808 properante
1092 756 1239 807 viator,

164 815 384 854 Grandibus
415 817 455 854 in
487 816 590 854 tituli
621 827 814 853 marmore
847 815 965 853 caede
997 815 1123 852 notis:

162 886 230 912 1110
251 893 259 902 ·
279 886 360 912 EGO
381 893 390 902 ·
411 886 481 916 QUI
501 894 508 902 ·
528 886 649 912 IACEO
670 893 678 901 ·
699 885 949 912 TENERORUM
970 893 977 901 ·
997 885 1130 912 LUSOR
1150 892 1158 900 ·
1179 884 1349 911 AMORUM

162 944 328 970 mommo
351 952 358 959 ·
378 945 489 970 Pmm
508 951 516 960 ·
537 943 640 969 NASO
662 951 669 958 ·
689 944 824 970 POETA
846 952 852 959 ·
874 944 956 970 MEO

100 998 142 1028 75
163 1003 215 1028 AT
236 1010 244 1018 ·
265 1003 348 1028 TIBI
368 1009 376 1018 ·
398 1002 469 1032 Qm
489 1009 496 1017 ·
518 1001 687 1028 TRANSIS
717 1009 724 1018 ·
751 1003 803 1028 NE
829 1009 837 1018 ·
859 1001 921 1027 SIT
943 1010 951 1018 ·
973 1001 1109 1028 GRAVE
1131 1009 1138 1016 ·
1160 1000 1348 1031 QUISQUIS
1370 1008 1378 1016 ·

770 1059 922 1086 AMASTI

162 1119 311 1145 mamm
333 1126 341 1135 ·
361 1117 531 1145 NASONIS
553 1126 560 1134 ·
581 1118 790 1145 MOLLITER
809 1126 817 1134 ·
839 1118 938 1144 OSSA
957 1125 965 1134 ·
988 1118 1148 1144 CUBENT

162 1164 244 1202 Hoc
276 1165 369 1203 satis
401 1165 441 1202 in
475 1163 586 1202 titulo
620 1170 706 1203 est.
757 1165 902 1202 etenim
933 1165 1079 1202 maiora
1111 1162 1230 1201 libelli

163 1221 212 1260 Et
244 1222 426 1260 diuturna
459 1223 579 1272 magis
611 1227 703 1260 sunt
734 1224 971 1260 monimenta
1002 1221 1119 1271 mihi,

163 1279 269 1325 Quos
302 1292 371 1330 ego
405 1279 585 1332 confido,
618 1281 792 1331 quamvis
825 1292 994 1318 nocuere
1014 1311 1024 1330 ,
1056 1279 1215 1317 daturos

99 1347 142 1377 80
163 1338 311 1376 Nomen
344 1343 383 1376 et
413 1339 564 1376 auctori
597 1343 771 1388 tempora
803 1337 916 1388 longa
948 1349 1042 1376 suo.

161 1395 220 1434 Tu
254 1401 380 1434 tamen
414 1397 583 1434 extincto
617 1396 749 1434 feralia
781 1408 943 1434 munera
976 1407 1130 1446 semper

161 1453 292 1504 Deque
325 1455 403 1492 tuis
435 1453 604 1492 lacrimis
636 1454 766 1492 umida
799 1459 902 1492 serta
935 1454 1047 1492 dato.

161 1511 342 1557 Quamvis
374 1513 414 1550 in
447 1513 599 1550 cineres
632 1524 775 1563 corpus
808 1513 1016 1550 mutaverit
1046 1512 1171 1564 ignis,

162 1570 312 1608 Sentiet
343 1570 514 1608 officium
546 1575 691 1608 maesta
723 1570 848 1608 favilla
880 1571 1011 1620 pium.

97 1636 140 1667 85
162 1627 320 1666 Scibere
353 1628 463 1679 plura
495 1627 617 1666 libet.
668 1627 736 1666 sed
768 1640 840 1666 vox
873 1628 967 1666 mihi
1000 1628 1102 1666 fessa
1133 1627 1328 1679 loquendo

159 1685 337 1724 Dictandi
369 1687 469 1724 vires
502 1687 682 1737 siccaque
715 1686 845 1736 lingua
878 1692 1015 1736 negat.

160 1744 302 1794 Accipe
335 1756 517 1794 supremo
551 1744 696 1783 dictum
729 1745 824 1782 mihi
857 1744 1019 1782 forsitan
1051 1756 1140 1796 ore,

160 1802 271 1847 Quod
290 1834 300 1854 ‚
334 1802 405 1841 tibi
436 1803 504 1853 qui
536 1804 680 1854 mittit,
713 1815 792 1842 non
824 1801 939 1841 habet
970 1803 1054 1853 ipse
1073 1833 1084 1854 ,
1116 1801 1220 1841 vale!

661 1930 739 1978 IV.

159 2034 189 2073 Ο
223 2034 316 2074 mihi
348 2047 435 2074 care
468 2035 625 2086 quidem
658 2047 841 2086 semper,
877 2035 944 2074 sed
978 2040 1153 2085 tempore
1186 2034 1284 2073 duro

158 2093 318 2144 Cognite
338 2125 348 2145 ,
380 2106 443 2132 res
475 2100 681 2145 postquam
713 2093 958 2144 procubuere
993 2105 1124 2141 meae,

159 2151 299 2190 Usibus
332 2152 469 2190 edocto
502 2153 535 2190 Si
566 2154 775 2203 quicquam
808 2151 935 2190 credis
967 2153 1114 2202 amico,

158 2209 247 2248 Vive
280 2209 351 2249 tibi
383 2216 421 2249 et
451 2210 564 2261 longe
597 2211 752 2249 nomina
785 2221 921 2260 magna
953 2210 1065 2259 fuge.

116 2275 136 2305 5
157 2267 248 2306 Vive
280 2267 350 2307 tibi
369 2300 380 2320 ‚
413 2275 677 2320 quantumque
710 2274 822 2319 potes
853 2267 1086 2318 praelustria
1118 2268 1216 2307 vita:
