1575 2489
454 93 501 125 11.
528 101 572 127 x1
594 92 726 125 1-n1.
752 100 768 125 1
789 95 841 126 32.
1230 89 1313 130 165

396 271 580 324 LIBER
618 270 892 325 TERTIUS.

629 397 664 444 Ι.

99 492 253 541 Aequor
285 489 434 528 Iasonio
467 490 664 541 pulsatum
695 492 841 542 remige
873 492 1067 542 primum,
1257 496 1315 530 (⁷2)

159 549 343 599 Quaeque
376 560 448 587 nee
481 548 593 588 hoste
626 550 709 588 fero
741 561 813 588 nec
845 551 932 588 nive
951 581 963 601 ‚
994 555 1098 588 terra
1118 579 1129 600 ‚
1161 559 1292 599 cares,

99 607 260 657 Eequod
294 608 368 645 erit
399 612 585 659 tempus,
625 620 700 658 quo
733 619 800 646 vos
838 620 908 658 ego
941 607 1041 645 Naso
1074 606 1316 658 relinquam,

158 665 201 704 In
233 666 362 703 minus
395 665 529 704 hostili
559 667 692 704 iussus
724 665 860 704 abesse
891 663 1011 704 loco?

60 731 80 762 5
100 724 158 762 An
191 723 287 761 mihi
318 723 497 762 barbaria
528 724 734 762 vivendum
767 735 921 774 semper
953 725 993 761 in
1024 724 1122 774 ista,

156 781 278 832 Inque
311 781 513 821 Tomitana
545 783 690 821 condar
721 787 876 832 oportet
906 779 1061 819 humo?

99 839 198 878 Pace
230 846 326 891 tua,
358 841 392 878 si
422 853 496 891 pax
527 840 604 879 ulla
636 846 695 878 est
726 846 822 891 tua,
853 839 1015 877 Pontica
1046 838 1186 890 tellus,

155 897 184 935 F
189 899 365 937 initimus
396 898 530 948 rapido
565 910 679 948 quam
710 899 803 936 terit
833 897 956 935 hostis
989 909 1116 949 equo3

97 955 197 995 Pace
229 962 295 994 tua
327 956 470 994 dixisse
503 956 646 995 velim:
697 962 739 995 tu
769 957 939 1007 pessima
970 955 1069 993 duro

38 1022 79 1054 10
157 1014 252 1053 Pars
284 1026 325 1052 es
357 1016 397 1052 in
430 1014 572 1065 exilio,
605 1020 648 1052 tu
681 1014 778 1052 mala
811 1019 945 1052 nostra
977 1025 1139 1064 gravas.

102 1071 161 1111 Tu
193 1085 321 1123 neque
353 1085 421 1111 ver
453 1074 575 1111 sentis
608 1074 779 1111 cinctum
812 1072 976 1110 florente
1009 1083 1175 1124 corona,

159 1130 218 1170 Tu
251 1143 378 1181 neque
409 1143 629 1169 messorum
661 1142 826 1181 corpora
857 1130 961 1168 nuda
992 1130 1124 1182 vides,

98 1189 180 1228 Nee
213 1188 284 1227 tibi
316 1191 538 1240 pampineas
572 1194 784 1228 autumnus
815 1189 982 1240 porrigit
1013 1201 1129 1228 uvas:

159 1247 307 1286 Cuncta
340 1247 407 1285 sed
438 1247 678 1286 inmodicum
710 1253 885 1298 tempora
917 1247 1041 1297 frigus
1073 1245 1238 1285 habent.

38 1312 79 1344 15
100 1306 159 1344 Tu
192 1306 313 1356 glacie
345 1307 444 1344 freta
476 1307 603 1344 vincta
634 1311 745 1344 tenes
764 1337 774 1357 ,
807 1311 846 1344 et
877 1306 918 1344 in
950 1317 1118 1356 aequore
1150 1306 1269 1357 piscis

158 1364 337 1402 Inclusus
369 1369 472 1403 tecta
504 1376 618 1415 saepe
651 1366 796 1402 natavit
827 1375 945 1414 aqua.

99 1422 179 1461 Nec
211 1422 281 1460 tibi
313 1427 405 1461 sunt
436 1423 563 1460 sontes
582 1454 592 1474 ‚
623 1422 748 1461 laticis
781 1423 857 1460 nisi
887 1433 1010 1473 paene
1043 1423 1207 1474 marini,

159 1480 234 1526 Qui
265 1485 381 1532 potus
413 1480 576 1519 dubium
608 1482 719 1519 sistat
751 1479 876 1518 alatne
909 1481 1036 1519 sitim.

100 1538 199 1577 Rara
218 1570 228 1590 ‚
261 1551 388 1590 neque
420 1538 515 1577 haec
549 1538 639 1577 felix
658 1570 669 1591 ‚
700 1540 740 1577 in
773 1539 919 1589 apertis
951 1540 1097 1577 eminet
1127 1539 1228 1577 arvis

38 1605 81 1636 20
158 1596 314 1649 Arbor,
347 1603 386 1635 et
416 1598 456 1635 in
488 1602 592 1636 terra
625 1602 684 1635 est
715 1596 836 1635 altera
867 1596 992 1635 forma
1022 1597 1164 1635 maris.

101 1654 186 1693 Non
219 1657 298 1694 avis
329 1654 555 1706 obloquitur
588 1657 680 1702 [nisi
712 1655 816 1694 silvis
850 1656 961 1706 siqua
992 1656 1154 1694 remotis

159 1714 382 1764 Aequoreas
413 1725 532 1752 rauco
564 1719 723 1764 gutture
755 1718 864 1765 potat
895 1725 1014 1764 aquas
1030 1712 1057 1763 .]

102 1771 244 1810 Tristia
274 1784 346 1822 per
377 1784 518 1810 vacuos
550 1772 714 1810 horrent
744 1771 937 1810 absinthia
969 1783 1149 1823 campOS,
1259 1780 1315 1812 (73)

160 1829 482 1881 Conveniensque
515 1842 585 1869 suo
618 1832 756 1868 messis
789 1842 918 1868 amara
949 1830 1057 1869 loco.

39 1895 81 1927 25
101 1888 206 1927 Adde
238 1893 395 1940 metus,
428 1894 466 1927 et
498 1888 601 1939 quod
633 1900 769 1927 murus
801 1888 980 1938 pulsatur
1011 1888 1059 1927 ab
1091 1888 1226 1939 hoste,

160 1946 374 1998 TInctaque
407 1948 607 1986 mortifera
638 1946 726 1985 tabe
759 1948 897 1997 sagitta
928 1946 1081 1998 madet3

103 2005 214 2051 Quod
244 2005 383 2057 procul
408 2005 503 2044 haec
535 2007 643 2056 regio
670 2010 729 2044 est
760 2011 799 2044 et
830 2004 876 2043 ab
903 2007 1009 2044 omni
1041 2005 1150 2043 devia
1176 2017 1316 2057 cursu,

160 2063 240 2102 Nec
271 2064 369 2114 pede
402 2076 478 2115 quo
512 2065 719 2115 quisquam
751 2075 823 2102 nec
856 2069 939 2102 rate
972 2068 1082 2102 tutus
1115 2069 1197 2102 eat.

102 2120 187 2160 Non
218 2123 338 2173 igitur
368 2124 539 2174 mirum,
574 2123 691 2160 finem
723 2121 1003 2173 quaerentibus
1034 2121 1175 2160 horum

41 2187 84 2219 30
162 2179 291 2219 Altera
324 2182 356 2219 si
386 2180 499 2219 nobis
531 2192 657 2232 usque
688 2184 849 2231 rogatur
881 2180 1046 2219 humus.

103 2237 156 2276 Te
189 2239 310 2289 magis
342 2244 402 2278 est
432 2241 575 2278 mirum
606 2251 684 2278 non
716 2239 790 2277 hoc
823 2240 1002 2277 evincere
1021 2269 1032 2290 ,
1065 2239 1257 2291 coniunx,

162 2295 282 2347 Inque
315 2299 411 2335 meis
442 2297 620 2336 lacrimas
651 2309 767 2349 posse
799 2302 934 2336 tenere
967 2296 1099 2336 malis.
