1601 2484
598 77 643 109 lI.
672 79 865 110 210—283.
1343 78 1397 119 29

185 181 291 222 ‘Este
323 182 488 235 procul,
520 184 636 222 vittae
668 189 806 223 tenues
825 216 835 236 ‚
867 185 1019 235 insigne
1050 185 1238 238 pudoris,

186 242 369 292 Quaeque
403 242 501 291 tegis
533 241 680 280 medios
712 243 846 281 instita
877 242 988 293 longa
1020 243 1162 294 pedes!

184 300 245 338 Nil
276 301 352 338 nisi
381 299 597 350 legitimum
629 311 891 352 concessaque
925 301 1028 340 furta
1060 314 1267 354 canemus,

98 365 164 397 250
184 358 305 408 Inque
337 369 423 395 meo
455 357 603 395 nullum
637 360 807 396 carmine
843 361 991 397 crimen
1024 360 1124 399 erit.'

183 416 333 467 Ecquid
365 415 411 453 ab
443 415 514 453 hac
546 427 680 454 omnes
712 417 834 466 rigide
868 419 1148 457 summovimus
1180 419 1296 470 Arte,

185 474 288 519 Quas
320 473 417 512 stola
449 475 621 524 contingi
647 475 817 525 vittaque
850 483 1002 526 sumpta
1034 474 1171 515 vetat?

185 529 247 570 ‘At
278 537 452 570 matrona
483 537 613 582 potest
644 532 779 571 alienis
811 533 961 572 artibus
994 536 1074 586 uti,

185 590 373 640 Quodque
406 589 564 641 trahat,
596 592 769 640 quamvis
802 603 879 629 non
911 591 1125 642 doceatur,
1156 589 1299 630 habet?

95 654 161 687 255
182 648 244 686 Nil
274 649 393 698 igitur
425 654 599 686 matrona
631 648 759 699 legat,
793 651 882 699 quia
914 651 1084 687 carmine
1117 649 1163 687 ab
1196 652 1302 688 omni

182 707 238 744 Ad
271 706 574 756 delinquendum
607 706 758 744 doctior
790 719 875 745 esse
906 713 1061 757 potest.

184 764 466 814 Quodcumque
499 766 697 815 attigerit,
730 766 839 815 siqua
873 770 932 803 est
964 765 1137 804 studiosa
1169 767 1342 818 sinistri,

182 822 239 860 Ad
270 823 405 860 vitium
437 834 566 860 mores
597 824 765 860 instruet
796 822 886 861 inde
919 834 1035 862 suos.

184 880 404 930 Sumpserit
435 880 601 918 Annales
620 911 630 931 ,
665 901 714 906 ——
750 880 844 918 nihil
877 886 936 919 est
967 881 1158 921 hirsutius
1189 882 1264 921 illis
1292 905 1349 910 —-

94 945 161 977 260
182 938 298 976 Facta
330 939 380 976 sit
411 938 513 976 uude
545 950 685 989 parens
716 937 783 976 Ilia
802 970 814 990 ,
844 951 984 990 nempe
1017 939 1142 990 leget.

182 996 423 1047 Sumpserit,
455 996 677 1035 Aeneadum
709 998 887 1047 genetrix
920 997 986 1036 ubi
1018 1000 1165 1048 prima,
1199 1000 1396 1051 requiret,

181 1054 403 1093 Aeneadum
434 1056 611 1104 genetrix
644 1055 746 1093 unde
779 1057 830 1094 sit
860 1055 958 1093 alma
990 1055 1144 1095 Venus.

181 1112 418 1163 [Persequar
449 1113 612 1151 inferius
631 1144 641 1164 ‚
673 1113 786 1151 modo
820 1115 852 1152 si
883 1114 974 1152 licet
1006 1115 1142 1153 ordine
1175 1115 1292 1165 ferri,

180 1171 298 1209 Posse
332 1183 473 1209 nocere
507 1172 643 1209 animis
676 1173 858 1209 carminis
891 1184 1003 1211 omne
1036 1185 1160 1223 genus
1176 1172 1203 1223 .]

94 1237 160 1268 265
180 1229 265 1267 Non
297 1235 425 1267 tamen
457 1228 603 1267 idcirco
636 1231 783 1268 crimen
815 1229 913 1268 liber
945 1232 1071 1269 omnis
1103 1231 1282 1270 habebit.

180 1287 241 1326 Nil
271 1287 459 1338 prodest,
492 1287 594 1337 quod
627 1299 704 1326 non
735 1287 888 1326 laedere
920 1290 1044 1339 possit
1074 1289 1201 1328 idem.

180 1346 271 1396 Igne
304 1345 396 1396 quid
429 1343 603 1383 utilius?
653 1347 776 1395 siquis
807 1351 936 1384 tamen
970 1359 1085 1385 urere
1117 1353 1218 1387 tecta

181 1404 415 1454 Comparat‚
447 1403 612 1441 audaces
644 1405 804 1442 instruit
835 1406 923 1454 igne
957 1417 1117 1444 manus.

181 1462 306 1512 Eripit
337 1461 532 1500 interdum
551 1492 562 1513 ‚
594 1461 707 1499 modo
740 1461 804 1500 dat
838 1462 1029 1501 medicina
1061 1464 1249 1516 salutem,

92 1528 159 1559 270
181 1521 364 1570 Quaeque
390 1521 518 1570 iuvet,
552 1524 766 1571 monstrat,
799 1532 975 1570 quaeque
1003 1523 1052 1559 sit
1077 1522 1197 1560 herba
1223 1535 1393 1563 nocens.

179 1579 228 1616 Et
259 1578 356 1617 latro
389 1584 428 1616 et
460 1583 596 1616 cautus
627 1579 893 1628 praecingitur
925 1591 1017 1617 ense
1050 1581 1197 1633 viator3

180 1637 246 1675 Ille
279 1636 345 1675 sed
377 1635 564 1687 insidias,
597 1636 660 1674 hic
693 1636 768 1674 sibi·
797 1642 927 1687 portat
958 1649 1094 1688 opem.

180 1695 351 1733 Discitur
382 1696 570 1733 innocuas
602 1700 645 1733 ut
676 1700 762 1745 agat
794 1695 972 1733 facundia
1004 1708 1165 1748 causas3

180 1754 354 1804 Protegit
384 1753 478 1791 haec
510 1758 642 1791 sontes
661 1783 672 1804 ,
703 1754 985 1804 inmeritosque
1018 1757 1184 1804 premit.

93 1820 158 1851 275
181 1812 244 1850 Sic
275 1813 394 1862 igitur
427 1823 582 1850 carmen
601 1842 612 1863 ‚
643 1817 749 1850 recta
782 1813 814 1850 si
847 1818 976 1851 mente
1008 1813 1183 1864 legatur,

182 1870 408 1920 Constabit,
441 1869 537 1908 nulli
567 1881 681 1921 posse
709 1882 850 1908 nocere
883 1882 1036 1910 meum.

180 1926 243 1968 ‘At
274 1929 458 1979 quasdam
489 1930 581 1967 vitio
602 1924 626 1967 .'
659 1930 895 1980 quicumque
928 1929 1002 1968 hoc
1034 1931 1233 1982 concipit,
1266 1936 1370 1970 errat

179 1987 228 2025 Et
258 1988 421 2025 nimium
454 1988 610 2038 scriptis
642 1993 797 2038 arrogat
827 1987 890 2026 ille
923 1989 1042 2026 meis.

179 2045 229 2083 Ut
260 2051 388 2084 tamen
415 2045 487 2084 hoc
519 2046 640 2084 fatear
659 2077 669 2097 ‚
700 2045 781 2084 ludi
814 2058 969 2097 quoque
1003 2047 1150 2085 semina
1181 2046 1371 2098 praebent

93 2111 159 2143 280
180 2103 411 2154 Nequitiae:
443 2103 525 2142 tolli
556 2110 636 2142 tota
668 2104 818 2142 theatra
849 2103 964 2143 iube!

179 2162 368 2200 Peccandi
400 2174 554 2201 causam
587 2164 694 2201 mimi
726 2175 840 2213 quam
874 2175 988 2213 saepe
1021 2162 1238 2202 dederunt!

177 2220 312 2259 Martia
343 2232 414 2259 cur
445 2221 587 2260 durum
619 2222 760 2260 sternit
797 2221 940 2259 harena
973 2221 1122 2260 solum!

178 2278 350 2318 Tollatur
383 2279 538 2319 circus!
578 2291 655 2318 non
687 2285 769 2318 tuta
800 2279 956 2318 licentia
988 2281 1083 2319 circi
1115 2285 1199 2319 est:

1385 1962 1395 1983 ἲ
