1575 2489
595 62 636 94 V.
664 63 859 95 446—516.
1306 62 1390 103 325

173 169 261 209 Mox
294 170 410 208 etiam
440 168 611 208 lemures
644 170 790 208 animas
823 169 955 208 dixere
989 169 1195 210 silentum.

233 227 303 266 Hic
337 239 476 266 sensus
508 226 645 280 verbi,
678 228 734 266 vis
767 239 811 266 ea
843 229 949 267 vocis
982 233 1087 268 erat.

87 295 152 327 485
175 286 278 325 Fana
310 292 439 325 tamen
471 292 623 325 veteres
655 285 730 324 iilis
763 285 939 326 clausere
971 287 1132 339 diebus,

232 344 282 383 Ut
312 356 417 384 nunc
449 344 560 383 ferali
591 349 767 395 tempore
800 350 934 396 operta
965 345 1096 385 vides.

173 403 254 442 Nec
286 402 423 442 viduae
457 403 579 442 taedis
612 403 746 442 eadem
777 415 850 443 nec
882 405 1043 455 virginis
1075 409 1162 455 apta

232 461 452 513 Tempora.
509 473 607 513 quae
639 463 801 514 nupsit,
833 474 911 501 non
943 462 1128 502 diuturna
1159 463 1255 502 fuit.

175 520 253 559 Hac
286 532 442 572 quoque
474 519 521 558 de
555 532 698 573 causa,
732 522 764 559 si
795 526 834 560 te
865 520 1072 573 proverbia
1103 526 1291 575 tangunt,

85 587 153 619 490
231 578 364 618 Mense
397 578 515 617 malas
546 578 644 618 Maio
677 578 826 618 nubere
859 579 994 631 volgus
1026 582 1100 619 ait.

175 637 250 676 Sed
284 643 412 676 tamen
444 637 539 676 haec
572 638 646 676 tria
678 643 771 677 sunt
808 637 881 677 sub
913 638 1051 678 eodem
1085 644 1261 691 tempore
1295 638 1391 678 resta

233 695 339 736 Inter
371 708 412 735 se
443 695 548 735 nulla
580 698 804 736 continuata
836 696 922 736 die.

422 788 488 829 10.
520 785 597 828 BC
669 789 733 829 11.
767 786 798 828 O
824 787 1028 828 LEM-N

175 872 351 918 Quorum
382 873 415 910 si
447 872 584 910 mediis
615 871 806 910 Boeotum
839 871 983 910 Oriona
1016 884 1204 924 quaeres,

233 930 371 969 Falsus
404 931 481 969 eris
502 961 510 968 .
567 931 669 981 signi
701 941 816 968 causa
849 930 1020 969 canenda
1052 930 1168 969 mihi.

86 997 154 1028 495
175 989 350 1040 Iuppiter
383 993 422 1027 et
452 988 528 1027 lato
562 990 628 1039 qui
660 994 798 1039 regnat
828 989 869 1027 in
902 1001 1072 1040 aequore
1105 989 1224 1028 frater

233 1046 453 1098 Carpebant
484 1048 609 1086 socias
640 1046 939 1098 Mercuriusque
973 1049 1075 1086 vias,

175 1105 345 1157 Tempus
378 1110 489 1157 erat,
522 1117 598 1156 quo
630 1117 743 1144 versa
774 1107 864 1156 iugo
897 1106 1125 1145 reseruntur
1158 1112 1306 1158 aratra,

232 1164 283 1203 Et
313 1176 462 1215 pronus
494 1170 647 1202 saturae
680 1163 738 1202 lac
770 1163 868 1202 bibit
900 1176 1022 1215 agnus
1055 1166 1160 1204 oviS.

175 1222 293 1261 Forte
326 1234 445 1261 senex
476 1222 673 1274 Hyrieus,
706 1224 860 1273 angusti
892 1223 1018 1262 cultor
1051 1223 1186 1275 agelli,

87 1290 156 1322 500
237 1281 315 1319 Hos
347 1281 480 1329 videt,
514 1282 691 1332 exiguam
724 1281 849 1320 stabat
880 1287 924 1321 ut
956 1287 1043 1321 ante
1077 1294 1228 1321 casam.

175 1340 302 1391 Atque
334 1341 386 1378 ita
419 1336 552 1391 ‘longa
586 1341 645 1378 via
677 1344 765 1392 est,
800 1352 872 1379 nec
904 1346 1081 1391 tempora
1112 1341 1225 1392 longa
1259 1352 1392 1392 super-

903 1404 995 1438 sunt
1026 1396 1039 1414 ³

233 1456 338 1496 Dixit
369 1452 430 1496 ‘et
460 1456 681 1508 hospitibus
713 1458 828 1496 ianua
860 1430 1176 1509 nostra'patet?

175 1515 332 1555 Addidit
364 1521 402 1554 et
434 1515 580 1554 voltum
613 1515 771 1567 verbis,
802 1517 1025 1567 iterumque
1059 1518 1228 1567 rogavit.
1319 1525 1394 1558 (18⁰)

234 1573 377 1613 Parent
408 1575 641 1627 promissis,
673 1574 997 1626 dissimulantque
1030 1575 1147 1615 deos.

89 1641 155 1672 505
177 1633 296 1672 Tecta
328 1634 432 1672 senis
465 1632 636 1672 subeunt
667 1634 778 1684 nigro
812 1633 1000 1672 deformia
1031 1634 1162 1686 sumo;

234 1690 338 1742 Ignis
369 1693 409 1729 in
441 1691 626 1731 hesterno
659 1693 790 1743 stipite
822 1704 966 1744 parvus
998 1699 1103 1732 erat.

176 1750 263 1801 ipse
295 1761 398 1800 genu
430 1751 544 1789 nixus
576 1750 749 1789 ssammas
781 1752 994 1790 exsuscitat
1026 1763 1143 1803 aura,

236 1808 285 1847 Et
316 1809 461 1859 promit
492 1820 653 1859 quassas
686 1810 994 1861 comminuitque
1026 1810 1151 1848 faces.

177 1866 289 1905 Stant
314 1866 485 1918 calices;
516 1868 644 1905 minor
670 1866 759 1906 inde
787 1867 920 1920 fabas,
946 1867 1060 1906 holus
1086 1867 1183 1907 alter
1209 1867 1396 1918 habebat,

90 1933 157 1964 510
235 1924 285 1964 Et
317 1931 499 1977 spumant
532 1931 634 1964 testu
666 1938 827 1977 pressus
859 1931 1026 1978 uterque
1060 1938 1154 1966 suo.

176 1983 354 2035 Dumque
381 1995 488 2022 mora
514 1990 602 2036 est,
634 1984 800 2023 tremula
828 1984 893 2024 dat
918 1986 1004 2024 vina
1030 1984 1211 2024 rubentia
1238 1985 1395 2025 dextra:

235 2042 386 2093 Accipit
418 2054 637 2093 aequoreus
668 2042 807 2095 pocula
839 2045 964 2095 prima
996 2044 1113 2084 deus.

178 2099 284 2145 Quae
317 2100 432 2139 simul
464 2101 671 2150 exhausit,
704 2098 773 2140 eda
805 2114 910 2141 nunc
942 2102 1049 2142 bibat
1080 2099 1238 2142 ordine'
1272 2103 1368 2142 dixit

236 2155 433 2210 ‘Iuppiter
453 2156 484 2198 .'
542 2160 673 2199 audito
706 2160 843 2211 palluit
873 2160 938 2200 ille
970 2160 1081 2200 Iove.

88 2224 154 2256 515
176 2216 225 2256 Ut
256 2217 374 2256 rediit
406 2219 557 2257 animus
576 2249 587 2271 ‚
619 2218 811 2258 cultorem
842 2221 1026 2271 pauperis
1058 2221 1141 2271 agri

234 2274 412 2315 Immolat
443 2283 482 2316 et
512 2288 652 2329 magno
686 2282 810 2317 torret
841 2279 881 2317 in
913 2280 1002 2331 igne
1035 2278 1196 2318 hovem.
