1575 2489
146 82 229 123 172
690 85 754 116 Ex
778 84 934 117 PONTo

197 200 240 231 85
261 191 322 230 Ire
355 192 463 230 iubet
492 191 654 242 Pylades
687 203 820 230 carum
851 194 1051 242 periturus
1083 192 1272 232 Oresten:

320 250 391 287 Hic
423 255 560 299 negat:
605 251 722 300 inque
756 251 859 288 vices
890 256 1037 301 pugnat
1068 257 1234 302 uterque
1267 252 1387 290 mori.

261 308 399 346 Extitit
430 307 503 345 hoc
535 319 656 346 unum
675 338 686 359 ,
719 320 795 358 quo
827 319 905 346 non
937 311 1163 347 convenerit
1192 309 1294 349 illis:
1414 319 1470 352 (83)

321 365 457 403 Cetera
489 377 558 416 par
590 377 755 404 concors
788 371 826 404 et
857 367 941 405 sine
972 367 1039 405 lite
1072 368 1167 406 fuit.

259 423 360 462 Dum
390 429 583 474 peragunt
612 425 773 462 iuvenes
805 423 958 474 pulchri
990 431 1186 463 certamen
1219 427 1383 478 amoris,

199 490 242 520 90
320 481 377 519 Ad
410 482 570 520 fratrem
603 483 768 531 scriptas
800 489 932 520 exarat
962 482 1025 520 illa
1057 489 1191 522 notas.

259 540 316 578 Ad
349 540 510 578 fratrem
541 540 719 578 mandata
751 539 886 578 dabat:
931 542 1073 591 cuique
1104 541 1167 579 illa
1199 541 1413 594 dabantur,

321 597 520 636 Humanos
553 609 665 636 casus
697 597 855 648 aspice!
888 599 1008 637 frater
1040 604 1144 638 erat.

259 655 339 694 Nec
372 667 508 707 mora,
540 655 587 694 de
619 656 762 706 templo
794 657 953 707 rapiunt
985 657 1189 696 simulacra
1221 657 1386 710 Dianae,

320 713 504 764 Clamque
536 726 607 764 per
638 716 833 753 inmensas
864 727 995 765 puppe
1027 715 1208 754 feruntur
1240 728 1381 766 aquas.

199 780 242 811 95
264 771 386 810 Mirus
419 784 525 810 amor
556 774 740 811 iuvenum
759 803 769 823 ‚
803 774 976 823 quamvis
1008 772 1138 812 abiere
1170 779 1228 812 tot
1259 776 1372 821 anni,

319 830 363 868 In
396 830 552 881 Scythia
584 843 766 880 magnum
803 843 908 869 nunc
947 843 1102 882 quoque
1144 844 1285 870 nomen
1317 829 1472 871 habet?

260 888 405 926 Fabula
437 894 591 927 narrata
623 896 682 927 est
712 895 918 939 postquam
950 889 1118 939 vulgaris
1150 889 1196 928 ab
1228 890 1316 943 illo,

320 946 547 985 Laudarunt
578 959 712 985 omnes
745 947 844 985 facta
875 949 1056 997 piamque
1088 947 1227 986 fidem.

263 1004 420 1043 Scilicet
451 1004 522 1043 hac
555 1006 668 1043 etiam
688 1036 698 1056 ,
731 1017 806 1055 qua
837 1005 941 1043 nulla
973 1005 1142 1044 ferocior
1174 1018 1240 1044 ora
1272 1013 1354 1059 est,

177 1071 241 1101 100
320 1062 470 1101 Nomen
502 1065 692 1101 amicitiae
724 1062 887 1101 barbara
919 1063 1036 1102 corda
1067 1070 1218 1103 movet.

263 1120 363 1165 Quid
395 1122 523 1158 facere
555 1122 724 1158 Ausonia
756 1122 878 1171 geniti
909 1121 1059 1159 debetis
1090 1123 1130 1159 in
1165 1121 1290 1174 Urbe,

321 1178 416 1216 Cum
451 1185 609 1228 tangant
639 1178 744 1216 diros
776 1178 864 1216 talia
896 1179 996 1217 facta
1027 1177 1177 1218 Getas?

262 1236 367 1274 Adde
388 1267 397 1285 ‚
430 1236 533 1287 quod
566 1243 626 1275 est
657 1237 809 1274 animus
841 1249 995 1288 semper
1027 1237 1098 1275 tibi
1128 1239 1234 1276 mitis
1253 1269 1264 1290 ‚
1306 1245 1345 1277 et
1377 1238 1472 1279 altae

320 1294 512 1333 Indicium
544 1307 673 1333 mores
704 1295 916 1333 nobilitatis
948 1295 1113 1344 habent,

176 1361 240 1392 105
262 1352 368 1397 Quos
402 1352 562 1391 Volesus
594 1354 711 1404 patrii
742 1360 950 1403 cognoscat
981 1355 1149 1392 nominis
1180 1361 1337 1407 auctor,

322 1411 428 1456 Quos
459 1411 583 1449 Numa
616 1418 816 1450 maternus
849 1423 926 1450 non
957 1418 1073 1462 neget
1104 1424 1190 1451 esse
1224 1425 1338 1466 suos,

261 1469 490 1520 Adiectique
522 1469 690 1520 probent
721 1471 896 1520 genetiva
928 1470 974 1508 ad
1005 1472 1162 1509 nomina
1193 1470 1350 1524 Cottae,

322 1527 362 1565 Si
393 1534 435 1566 tu
467 1539 545 1565 non
577 1539 712 1579 esses,
745 1529 952 1566 interitura
985 1527 1144 1567 domus.

261 1585 382 1636 Digne
414 1587 472 1624 vir
502 1585 573 1624 hac
606 1587 706 1624 serie
725 1615 736 1636 ‚
767 1585 875 1635 lapso
908 1598 1141 1625 succurrere
1173 1589 1296 1627 amico
1416 1598 1473 1631 (84)

175 1652 240 1682 110
320 1643 562 1682 Conveniens
594 1645 680 1682 istis
711 1644 886 1682 moribus
919 1656 1004 1683 esse
1035 1644 1151 1696 puta!

769 1772 850 1820 ΙΙΙ.

262 1875 304 1914 Si
334 1882 444 1915 vacat
475 1877 658 1926 exiguum
690 1877 855 1928 profugo
888 1877 978 1916 dare
1012 1883 1166 1928 tempus
1199 1880 1345 1927 amico,

319 1934 349 1972 Ο
383 1935 490 1973 sidus
522 1934 662 1973 Fabiae
682 1967 693 1986 ‚
725 1934 888 1974 Maxime
907 1966 918 1987 ,
950 1938 1076 1986 gentis
1095 1968 1106 1987 ‚
1138 1936 1251 1988 ades,

258 1992 359 2031 Dum
390 1992 461 2031 tibi
493 2005 591 2044 quae
623 1993 730 2044 vidi,
762 1994 921 2032 resero:
959 2006 1029 2032 seu
1062 1996 1237 2045 corporis
1271 1994 1430 2047 umbra,

319 2050 396 2090 Seu
429 2053 511 2089 veri
543 2053 724 2103 species,
756 2063 826 2090 seu
858 2052 932 2090 suit
962 2051 1025 2090 ille
1058 2064 1199 2103 sopor.

219 2117 239 2148 5
259 2108 343 2147 Nox
376 2115 459 2148 erat
478 2116 530 2156 ⁴et
561 2109 707 2148 bifores
739 2109 908 2148 intrabat
939 2109 1030 2148 luna
1061 2111 1275 2163 fenestras,

318 2166 450 2206 Mense
484 2168 565 2206 fere
599 2168 725 2206 medio
759 2173 901 2218 quanta
932 2170 1058 2206 nitere
1091 2168 1212 2207 solet.

261 2224 421 2263 Publica
453 2238 515 2264 me
548 2227 706 2277 requies
740 2238 923 2264 curarum
956 2238 1115 2265 somnus
1146 2227 1334 2280 habebat,

320 2282 349 2320 F
354 2295 500 2335 usaque
534 2290 645 2323 erant
677 2290 757 2323 toto
790 2284 971 2335 languida
1003 2285 1176 2324 membra
1209 2292 1320 2324 toro:
