1575 2489
561 66 606 98 11.
634 67 829 100 206—275.
1282 64 1367 107 241

611 206 675 247 14.
708 205 793 247 EN

155 287 386 327 Continuata
418 287 502 326 loco
536 290 609 327 tria
641 289 797 340 sidera,
831 288 979 327 Corvus
1011 295 1051 328 et
1081 289 1228 340 Anguis

210 345 259 384 Et
291 345 441 384 medius
474 346 610 385 Crater
642 348 745 386 inter
777 353 988 398 utrumque
1020 349 1142 386 iacet.

66 412 132 445 245
153 403 284 443 Idibus
317 404 379 442 illa
410 404 560 456 latent,
593 406 774 443 oriuntur
807 410 921 443 nocte
954 407 1157 456 sequenti.

211 462 316 507 Quae
349 461 423 500 sibi
455 474 526 500 cur
558 464 631 501 tria
665 465 743 501 sint
774 464 1024 515 consociata,
1057 475 1216 502 canam.

153 519 269 559 Forte
301 520 381 558 Iovi
411 520 594 559 Phoebus
626 521 770 559 festum
803 521 989 560 sollemne
1020 521 1181 572 parabat
1213 543 1256 548 —

211 578 295 616 Non
327 579 442 616 faciet
473 578 606 629 longas
639 579 766 617 sabula
799 586 931 618 nostra
963 592 1115 619 moras:
1149 601 1192 606 —

152 633 211 687 Ἱ,
244 633 349 674 mea'
383 636 480 675 dixit
511 634 612 675 ‘avis
632 668 643 688 ,
675 649 722 675 ne
756 637 848 688 quid
881 640 942 688 pia
974 650 1083 676 sacra
1115 643 1315 689 moretur,

65 701 132 733 250
211 694 260 732 Et
291 701 448 733 tenuem
479 697 578 733 -vivis
610 695 783 734 fontibus
816 695 923 734 adfer
956 693 1139 746 aquam.’

152 752 299 791 Corvus
331 755 551 792 inauratum
583 753 748 804 pedihus
781 759 932 792 cratera
963 756 1139 792 recurvis

211 810 355 862 Tollit,
387 817 428 850 et
458 813 606 850 aerium
639 811 813 862 pervolat
844 812 944 850 altus
976 813 1071 850 iter.

154 869 287 907 Stabat
318 869 444 908 adhuc
476 869 585 907 duris
616 870 713 908 ficus
746 869 974 908 densissima
1007 871 1156 920 pomis:

210 927 389 977 Temptat
420 939 504 965 eam
536 932 694 978 rostr03
726 939 803 965 non
836 933 921 966 erat
951 934 1039 978 apta
1070 928 1168 978 legi.

65 991 131 1023 255
152 984 346 1023 inmemor
378 986 532 1036 imperii
566 985 713 1023 sedisse
746 985 819 1024 sub
853 984 990 1024 arbore
1024 986 1172 1037 fertur,

211 1043 308 1081 Dum
341 1044 481 1081 fierent
512 1043 620 1081 tarda
653 1043 778 1082 dulcia
810 1056 923 1095 poma
955 1056 1085 1082 mora.

151 1100 307 1151 lamque
339 1108 447 1140 satur
479 1103 600 1152 nigris
632 1101 791 1152 longum
826 1104 927 1152 rapit
951 1102 1148 1153 unguibus
1181 1101 1367 1154 hydrum,

210 1160 264 1197 Ad
297 1159 576 1209 dominumque
608 1159 737 1211 redit,
769 1161 934 1210 fictaque
967 1160 1085 1199 verba
1117 1161 1261 1200 refert:

153 1214 244 1255 ‘Hic
278 1217 371 1255 mihi
403 1229 518 1256 causa
550 1229 709 1269 morae,
742 1219 914 1256 vivarum
941 1217 1124 1257 obsessor
1155 1230 1368 1270 aquarum:

64 1282 132 1315 260
211 1275 281 1314 Hic
314 1277 439 1314 tenuit
472 1276 598 1314 sontes
630 1276 879 1327 officiumque
912 1274 1087 1315 meum.²

153 1331 306 1372 ‘Acidis'
340 1336 393 1373 ait
425 1331 581 1385 ‘culpae
612 1331 855 1385 mendacia,'
888 1334 1069 1373 Phoebus
1103 1332 1163 1373 eet
1194 1334 1315 1374 audes

211 1392 427 1431 Fatidicum
462 1392 589 1430 verbis
622 1392 754 1430 fallere
788 1392 883 1431 velle
917 1391 1068 1432 deum?

152 1451 200 1489 At
232 1450 301 1488 tibi
320 1482 331 1502 ,
363 1451 454 1488 dum
489 1451 635 1488 lactens
667 1450 844 1489 haerebit
874 1452 913 1489 in
946 1451 1084 1489 arbore
1116 1452 1237 1504 ficus,

210 1508 263 1546 De
296 1508 402 1547 nullo
434 1508 582 1559 gelidae
615 1509 721 1547 fonte
754 1508 938 1547 bibentur
970 1507 1137 1559 aquae.'

64 1574 130 1606 265
151 1566 283 1605 Dixit:
327 1573 395 1619 et,
427 1568 577 1618 antiqui
609 1569 846 1605 monimenta
877 1569 1064 1618 perennia
1096 1568 1209 1618 sacti,

209 1626 384 1677 Anguis,
416 1626 535 1676 Avis,
569 1624 703 1663 Crater
736 1625 863 1663 sidera
895 1627 1026 1664 iuncta
1058 1627 1224 1665 micant.

464 1716 527 1757 15.
559 1715 592 1756 F
623 1715 935 1758 LVPER-N)

152 1799 280 1838 Tertia
313 1806 401 1850 post
431 1799 523 1838 ldus
555 1799 680 1838 nudos
714 1812 853 1839 aurora
885 1800 1067 1851 lupercos

208 1859 385 1909 Aspicit,
417 1864 456 1896 et
487 1857 610 1897 Fauni
642 1870 750 1896 sacra
782 1858 952 1897 bicornis
985 1865 1101 1898 eunt.

151 1915 273 1954 Dicite
294 1947 304 1967 ,
336 1916 540 1967 Pierides,
573 1928 775 1955 sacrorum
808 1929 904 1967 quae
939 1919 989 1955 sit
1021 1919 1153 1969 origo,

64 1981 131 2013 ‘270
210 1975 420 2025 Attigerint
450 1974 577 2013 Latias
610 1974 712 2013 unde
745 1977 864 2025 petita
896 1975 1054 2014 domos.

150 2032 252 2071 Pana
284 2033 400 2071 deum
432 2035 586 2084 pecoris
612 2039 763 2071 veteres
796 2033 962 2071 coluisse
995 2034 1176 2073 feruntur

209 2091 406 2130 Arcades:
456 2091 630 2130 Arcadiis
662 2091 853 2142 plurimus
886 2091 949 2129 ille
981 2093 1106 2143 iugis.

151 2148 278 2187 Testis
311 2151 385 2188 erit
415 2149 589 2201 Pholoe,
621 2156 742 2189 testes
776 2149 1059 2201 Stymphalides
1092 2150 1241 2202 undae,

210 2208 361 2258 Quique
395 2209 480 2247 citis
512 2208 643 2246 Ladon
676 2210 715 2246 in
748 2220 853 2246 mare
887 2210 1010 2247 currit
1042 2211 1176 2261 aquis,

65 2271 130 2304 275
151 2265 361 2317 Cinctaque
394 2268 535 2317 pinetis
568 2268 739 2305 nemoris
771 2268 859 2317 iuga
890 2266 1123 2320 Nonacrini,

105 2337 209 2363 (ΝΠ),
245 2339 303 2365 111.
1110 2336 1152 2367 16
