<?xml version="1.0" encoding="UTF-8"?>
<!DOCTYPE html PUBLIC "-//W3C//DTD XHTML 1.0 Transitional//EN"
    "http://www.w3.org/TR/xhtml1/DTD/xhtml1-transitional.dtd">
<html xmlns="http://www.w3.org/1999/xhtml" xml:lang="en" lang="en">
 <head>
  <title>
</title>
<meta http-equiv="Content-Type" content="text/html;charset=utf-8" />
  <meta name='ocr-system' content='tesseract 3.04.00' />
  <meta name='ocr-capabilities' content='ocr_page ocr_carea ocr_par ocr_line ocrx_word'/>
</head>
<body>
  <div class='ocr_page' id='page_1' title='image "./operaovid01oviduoft_0251.png"; bbox 0 0 1575 2489; ppageno 0'>
   <div class='ocr_carea' id='block_1_1' title="bbox 508 72 1384 114">
    <p class='ocr_par' dir='ltr' id='par_1_1' title="bbox 508 72 1384 114">
     <span class='ocr_line' id='line_1_1' title="bbox 508 72 1384 114; baseline 0.011 -10"><span class='ocrx_word' id='word_1_1' title='bbox 508 72 567 104; x_wconf 90' lang='lat' dir='ltr'>IV.</span> <span class='ocrx_word' id='word_1_2' title='bbox 594 80 687 105; x_wconf 78' lang='lat' dir='ltr'>vnn</span> <span class='ocrx_word' id='word_1_3' title='bbox 709 74 850 104; x_wconf 80' lang='lat' dir='ltr'>122—x</span> <span class='ocrx_word' id='word_1_4' title='bbox 871 75 924 106; x_wconf 82' lang='lat'>57.</span> <span class='ocrx_word' id='word_1_5' title='bbox 1299 72 1384 114; x_wconf 77' lang='grc'>203</span> 
     </span>
    </p>
   </div>
   <div class='ocr_carea' id='block_1_2' title="bbox 99 179 1384 2328">
    <p class='ocr_par' dir='ltr' id='par_1_2' title="bbox 103 179 1384 928">
     <span class='ocr_line' id='line_1_2' title="bbox 229 179 1192 232; baseline 0.001 -13"><span class='ocrx_word' id='word_1_6' title='bbox 229 179 446 231; x_wconf 86' lang='lat' dir='ltr'>Gentibus,</span> <span class='ocrx_word' id='word_1_7' title='bbox 478 179 633 230; x_wconf 92' lang='lat' dir='ltr'>obliqua</span> <span class='ocrx_word' id='word_1_8' title='bbox 666 191 762 231; x_wconf 89' lang='lat' dir='ltr'>quas</span> <span class='ocrx_word' id='word_1_9' title='bbox 795 179 875 218; x_wconf 89' lang='lat' dir='ltr'>obit</span> <span class='ocrx_word' id='word_1_10' title='bbox 908 179 1039 219; x_wconf 81' lang='lat' dir='ltr'>Hister</span> <span class='ocrx_word' id='word_1_11' title='bbox 1072 193 1192 232; x_wconf 87' lang='lat' dir='ltr'>aqua.</span> 
     </span>
     <span class='ocr_line' id='line_1_3' title="bbox 169 237 1213 290; baseline 0.001 -13"><span class='ocrx_word' id='word_1_12' title='bbox 169 238 247 277; x_wconf 83' lang='lat' dir='ltr'>Nec</span> <span class='ocrx_word' id='word_1_13' title='bbox 280 239 409 276; x_wconf 89' lang='lat' dir='ltr'>vincet</span> <span class='ocrx_word' id='word_1_14' title='bbox 441 237 603 288; x_wconf 86' lang='lat' dir='ltr'>Cyclops</span> <span class='ocrx_word' id='word_1_15' title='bbox 637 249 794 277; x_wconf 90' lang='lat' dir='ltr'>saevum</span> <span class='ocrx_word' id='word_1_16' title='bbox 826 238 978 277; x_wconf 88' lang='lat' dir='ltr'>feritate</span> <span class='ocrx_word' id='word_1_17' title='bbox 1011 238 1213 290; x_wconf 87' lang='lat' dir='ltr'>Phyacen:</span> 
     </span>
     <span class='ocr_line' id='line_1_4' title="bbox 227 295 1157 346; baseline 0.001 -12"><span class='ocrx_word' id='word_1_18' title='bbox 227 296 302 340; x_wconf 84' lang='lat' dir='ltr'>Qui</span> <span class='ocrx_word' id='word_1_19' title='bbox 334 300 450 346; x_wconf 87' lang='lat' dir='ltr'>quota</span> <span class='ocrx_word' id='word_1_20' title='bbox 483 297 644 334; x_wconf 85' lang='lat' dir='ltr'>terroris</span> <span class='ocrx_word' id='word_1_21' title='bbox 677 308 767 346; x_wconf 87' lang='lat' dir='ltr'>pars</span> <span class='ocrx_word' id='word_1_22' title='bbox 799 296 898 335; x_wconf 90' lang='lat' dir='ltr'>solet</span> <span class='ocrx_word' id='word_1_23' title='bbox 929 308 1014 335; x_wconf 89' lang='lat' dir='ltr'>esse</span> <span class='ocrx_word' id='word_1_24' title='bbox 1047 295 1157 336; x_wconf 77' lang='lat' dir='ltr'>mei?</span> 
     </span>
     <span class='ocr_line' id='line_1_5' title="bbox 106 354 1384 407; baseline 0.002 -15"><span class='ocrx_word' id='word_1_25' title='bbox 106 361 149 393; x_wconf 81' lang='lat'>25</span> <span class='ocrx_word' id='word_1_26' title='bbox 176 354 299 405; x_wconf 82' lang='lat' dir='ltr'>Scylla</span> <span class='ocrx_word' id='word_1_27' title='bbox 332 354 425 392; x_wconf 84' lang='lat' dir='ltr'>seris</span> <span class='ocrx_word' id='word_1_28' title='bbox 458 360 597 392; x_wconf 82' lang='lat' dir='ltr'>trunco</span> <span class='ocrx_word' id='word_1_29' title='bbox 625 355 728 405; x_wconf 91' lang='lat' dir='ltr'>quod</span> <span class='ocrx_word' id='word_1_30' title='bbox 761 354 876 393; x_wconf 88' lang='lat' dir='ltr'>latret</span> <span class='ocrx_word' id='word_1_31' title='bbox 907 354 953 393; x_wconf 88' lang='lat' dir='ltr'>ab</span> <span class='ocrx_word' id='word_1_32' title='bbox 986 356 1145 405; x_wconf 88' lang='lat' dir='ltr'>inguine</span> <span class='ocrx_word' id='word_1_33' title='bbox 1176 357 1384 407; x_wconf 79' lang='lat' dir='ltr'>monstris,</span> 
     </span>
     <span class='ocr_line' id='line_1_6' title="bbox 227 412 1093 463; baseline 0.002 -13"><span class='ocrx_word' id='word_1_34' title='bbox 227 412 449 450; x_wconf 82' lang='lat' dir='ltr'>Heniochae</span> <span class='ocrx_word' id='word_1_35' title='bbox 483 413 612 450; x_wconf 90' lang='lat' dir='ltr'>nautis</span> <span class='ocrx_word' id='word_1_36' title='bbox 644 412 732 463; x_wconf 88' lang='lat' dir='ltr'>plus</span> <span class='ocrx_word' id='word_1_37' title='bbox 765 425 934 452; x_wconf 84' lang='lat' dir='ltr'>nocuere</span> <span class='ocrx_word' id='word_1_38' title='bbox 967 419 1093 452; x_wconf 88' lang='lat' dir='ltr'>rates.</span> 
     </span>
     <span class='ocr_line' id='line_1_7' title="bbox 167 470 1258 524; baseline 0.002 -16"><span class='ocrx_word' id='word_1_39' title='bbox 167 470 245 509; x_wconf 89' lang='lat' dir='ltr'>Nec</span> <span class='ocrx_word' id='word_1_40' title='bbox 277 476 388 521; x_wconf 85' lang='lat' dir='ltr'>potes</span> <span class='ocrx_word' id='word_1_41' title='bbox 420 470 574 509; x_wconf 89' lang='lat' dir='ltr'>infestis</span> <span class='ocrx_word' id='word_1_42' title='bbox 607 471 786 509; x_wconf 85' lang='lat' dir='ltr'>conferre</span> <span class='ocrx_word' id='word_1_43' title='bbox 819 471 1040 522; x_wconf 81' lang='lat' dir='ltr'>Charybdin</span> <span class='ocrx_word' id='word_1_44' title='bbox 1072 471 1258 524; x_wconf 80' lang='lat' dir='ltr'>Achaeis,</span> 
     </span>
     <span class='ocr_line' id='line_1_8' title="bbox 225 528 1160 579; baseline 0.002 -13"><span class='ocrx_word' id='word_1_45' title='bbox 225 528 303 567; x_wconf 85' lang='lat' dir='ltr'>Ter</span> <span class='ocrx_word' id='word_1_46' title='bbox 334 528 425 567; x_wconf 83' lang='lat' dir='ltr'>licet</span> <span class='ocrx_word' id='word_1_47' title='bbox 458 534 615 579; x_wconf 89' lang='lat' dir='ltr'>epotum</span> <span class='ocrx_word' id='word_1_48' title='bbox 647 534 708 567; x_wconf 87' lang='lat' dir='ltr'>ter</span> <span class='ocrx_word' id='word_1_49' title='bbox 740 536 867 568; x_wconf 81' lang='lat' dir='ltr'>vomat</span> <span class='ocrx_word' id='word_1_50' title='bbox 897 529 961 568; x_wconf 90' lang='lat' dir='ltr'>illa</span> <span class='ocrx_word' id='word_1_51' title='bbox 993 530 1160 568; x_wconf 83' lang='lat' dir='ltr'>fretum.</span> 
     </span>
     <span class='ocr_line' id='line_1_9' title="bbox 168 587 1268 639; baseline 0.001 -14"><span class='ocrx_word' id='word_1_52' title='bbox 168 587 242 632; x_wconf 86' lang='lat' dir='ltr'>Qui</span> <span class='ocrx_word' id='word_1_53' title='bbox 274 598 509 638; x_wconf 88' lang='lat' dir='ltr'>quamquam</span> <span class='ocrx_word' id='word_1_54' title='bbox 542 587 677 625; x_wconf 84' lang='lat' dir='ltr'>dextra</span> <span class='ocrx_word' id='word_1_55' title='bbox 708 589 868 638; x_wconf 85' lang='lat' dir='ltr'>regione</span> <span class='ocrx_word' id='word_1_56' title='bbox 900 587 1080 627; x_wconf 89' lang='lat' dir='ltr'>licentius</span> <span class='ocrx_word' id='word_1_57' title='bbox 1114 594 1268 639; x_wconf 75' lang='lat' dir='ltr'>errant,</span> 
     </span>
     <span class='ocr_line' id='line_1_10' title="bbox 103 645 1252 695; baseline 0.001 -12"><span class='ocrx_word' id='word_1_58' title='bbox 103 653 146 684; x_wconf 86' lang='lat'>30</span> <span class='ocrx_word' id='word_1_59' title='bbox 227 645 418 684; x_wconf 88' lang='lat' dir='ltr'>Securum</span> <span class='ocrx_word' id='word_1_60' title='bbox 450 645 550 684; x_wconf 90' lang='lat' dir='ltr'>latus</span> <span class='ocrx_word' id='word_1_61' title='bbox 582 645 655 684; x_wconf 92' lang='lat' dir='ltr'>hoc</span> <span class='ocrx_word' id='word_1_62' title='bbox 688 657 765 683; x_wconf 90' lang='lat' dir='ltr'>non</span> <span class='ocrx_word' id='word_1_63' title='bbox 799 652 926 684; x_wconf 89' lang='lat' dir='ltr'>tamen</span> <span class='ocrx_word' id='word_1_64' title='bbox 960 658 1045 684; x_wconf 89' lang='lat' dir='ltr'>esse</span> <span class='ocrx_word' id='word_1_65' title='bbox 1079 647 1212 684; x_wconf 85' lang='lat' dir='ltr'>sinunt</span> <span class='ocrx_word' id='word_1_66' title='bbox 1228 645 1252 695; x_wconf 92' lang='lat'>.]</span> 
     </span>
     <span class='ocr_line' id='line_1_11' title="bbox 167 702 1254 754; baseline 0.001 -13"><span class='ocrx_word' id='word_1_67' title='bbox 167 702 237 741; x_wconf 89' lang='lat' dir='ltr'>Hic</span> <span class='ocrx_word' id='word_1_68' title='bbox 270 705 352 754; x_wconf 88' lang='lat' dir='ltr'>agri</span> <span class='ocrx_word' id='word_1_69' title='bbox 383 703 584 742; x_wconf 85' lang='lat' dir='ltr'>infrondes</span> <span class='ocrx_word' id='word_1_70' title='bbox 603 734 613 754; x_wconf 87' lang='lat'><strong><em>‚</em></strong></span> <span class='ocrx_word' id='word_1_71' title='bbox 645 703 707 742; x_wconf 92' lang='lat' dir='ltr'>hic</span> <span class='ocrx_word' id='word_1_72' title='bbox 740 703 887 754; x_wconf 86' lang='lat' dir='ltr'>spicula</span> <span class='ocrx_word' id='word_1_73' title='bbox 921 705 1039 743; x_wconf 86' lang='lat' dir='ltr'>tincta</span> <span class='ocrx_word' id='word_1_74' title='bbox 1072 705 1254 742; x_wconf 89' lang='lat' dir='ltr'>venenis:</span> 
     </span>
     <span class='ocr_line' id='line_1_12' title="bbox 225 760 1176 813; baseline -0.001 -13"><span class='ocrx_word' id='word_1_75' title='bbox 225 760 295 800; x_wconf 92' lang='lat' dir='ltr'>Hic</span> <span class='ocrx_word' id='word_1_76' title='bbox 329 762 426 800; x_wconf 79' lang='lat' dir='ltr'>freta</span> <span class='ocrx_word' id='word_1_77' title='bbox 458 762 518 800; x_wconf 74' lang='lat' dir='ltr'>vel</span> <span class='ocrx_word' id='word_1_78' title='bbox 549 761 672 813; x_wconf 88' lang='lat' dir='ltr'>pediti</span> <span class='ocrx_word' id='word_1_79' title='bbox 703 763 835 812; x_wconf 88' lang='lat' dir='ltr'>pervia</span> <span class='ocrx_word' id='word_1_80' title='bbox 867 761 995 800; x_wconf 85' lang='lat' dir='ltr'>reddit</span> <span class='ocrx_word' id='word_1_81' title='bbox 1027 761 1176 812; x_wconf 80' lang='lat' dir='ltr'>hiems,</span> 
     </span>
     <span class='ocr_line' id='line_1_13' title="bbox 166 819 1271 871; baseline 0 -13"><span class='ocrx_word' id='word_1_82' title='bbox 166 819 243 870; x_wconf 83' lang='lat' dir='ltr'>Ut,</span> <span class='ocrx_word' id='word_1_83' title='bbox 277 832 352 870; x_wconf 87' lang='lat' dir='ltr'>qua</span> <span class='ocrx_word' id='word_1_84' title='bbox 384 831 515 858; x_wconf 88' lang='lat' dir='ltr'>remus</span> <span class='ocrx_word' id='word_1_85' title='bbox 548 822 622 858; x_wconf 88' lang='lat' dir='ltr'>iter</span> <span class='ocrx_word' id='word_1_86' title='bbox 653 820 775 870; x_wconf 89' lang='lat' dir='ltr'>pulsis</span> <span class='ocrx_word' id='word_1_87' title='bbox 807 819 921 857; x_wconf 91' lang='lat' dir='ltr'>modo</span> <span class='ocrx_word' id='word_1_88' title='bbox 954 820 1101 858; x_wconf 86' lang='lat' dir='ltr'>fecerat</span> <span class='ocrx_word' id='word_1_89' title='bbox 1133 819 1271 871; x_wconf 83' lang='lat' dir='ltr'>undis,</span> 
     </span>
     <span class='ocr_line' id='line_1_14' title="bbox 225 877 1011 928; baseline 0 -12"><span class='ocrx_word' id='word_1_90' title='bbox 225 877 360 916; x_wconf 87' lang='lat' dir='ltr'>Siccus</span> <span class='ocrx_word' id='word_1_91' title='bbox 393 883 613 928; x_wconf 83' lang='lat' dir='ltr'>contempta</span> <span class='ocrx_word' id='word_1_92' title='bbox 647 890 741 916; x_wconf 82' lang='lat' dir='ltr'>nave</span> <span class='ocrx_word' id='word_1_93' title='bbox 774 879 897 916; x_wconf 84' lang='lat' dir='ltr'>viator</span> <span class='ocrx_word' id='word_1_94' title='bbox 930 883 1011 916; x_wconf 89' lang='lat' dir='ltr'>eat.</span> 
     </span>
    </p>

    <p class='ocr_par' dir='ltr' id='par_1_3' title="bbox 101 935 1264 1105">
     <span class='ocr_line' id='line_1_15' title="bbox 101 935 1264 987; baseline 0.001 -13"><span class='ocrx_word' id='word_1_95' title='bbox 101 943 144 975; x_wconf 88' lang='lat'>35</span> <span class='ocrx_word' id='word_1_96' title='bbox 166 935 240 982; x_wconf 85' lang='lat' dir='ltr'>Qui</span> <span class='ocrx_word' id='word_1_97' title='bbox 271 938 432 975; x_wconf 90' lang='lat' dir='ltr'>veniunt</span> <span class='ocrx_word' id='word_1_98' title='bbox 463 937 607 987; x_wconf 86' lang='lat' dir='ltr'>istinc,</span> <span class='ocrx_word' id='word_1_99' title='bbox 641 937 701 974; x_wconf 83' lang='lat' dir='ltr'>vix</span> <span class='ocrx_word' id='word_1_100' title='bbox 733 948 799 974; x_wconf 93' lang='lat' dir='ltr'>vos</span> <span class='ocrx_word' id='word_1_101' title='bbox 831 948 876 974; x_wconf 89' lang='lat' dir='ltr'>ea</span> <span class='ocrx_word' id='word_1_102' title='bbox 908 936 1069 974; x_wconf 87' lang='lat' dir='ltr'>credere</span> <span class='ocrx_word' id='word_1_103' title='bbox 1102 936 1264 975; x_wconf 88' lang='lat' dir='ltr'>dicunt.</span> 
     </span>
     <span class='ocr_line' id='line_1_16' title="bbox 224 994 1183 1045; baseline 0 -13"><span class='ocrx_word' id='word_1_104' title='bbox 224 994 347 1040; x_wconf 88' lang='lat' dir='ltr'>Quam</span> <span class='ocrx_word' id='word_1_105' title='bbox 381 996 497 1032; x_wconf 87' lang='lat' dir='ltr'>miser</span> <span class='ocrx_word' id='word_1_106' title='bbox 530 1000 617 1045; x_wconf 85' lang='lat' dir='ltr'>est,</span> <span class='ocrx_word' id='word_1_107' title='bbox 650 995 717 1045; x_wconf 88' lang='lat' dir='ltr'>qui</span> <span class='ocrx_word' id='word_1_108' title='bbox 749 995 825 1032; x_wconf 86' lang='lat' dir='ltr'>sert</span> <span class='ocrx_word' id='word_1_109' title='bbox 857 996 1052 1044; x_wconf 81' lang='lat' dir='ltr'>asperiora</span> <span class='ocrx_word' id='word_1_110' title='bbox 1086 994 1183 1033; x_wconf 81' lang='lat' dir='ltr'>fide!</span> 
     </span>
     <span class='ocr_line' id='line_1_17' title="bbox 164 1052 1229 1105; baseline 0 -14"><span class='ocrx_word' id='word_1_111' title='bbox 164 1052 287 1091; x_wconf 92' lang='lat' dir='ltr'>Crede</span> <span class='ocrx_word' id='word_1_112' title='bbox 319 1058 471 1092; x_wconf 87' lang='lat' dir='ltr'>tamen:</span> <span class='ocrx_word' id='word_1_113' title='bbox 503 1064 575 1091; x_wconf 89' lang='lat' dir='ltr'>nec</span> <span class='ocrx_word' id='word_1_114' title='bbox 608 1058 645 1091; x_wconf 86' lang='lat' dir='ltr'>te</span> <span class='ocrx_word' id='word_1_115' title='bbox 678 1064 813 1091; x_wconf 79' lang='lat' dir='ltr'>causas</span> <span class='ocrx_word' id='word_1_116' title='bbox 846 1054 999 1091; x_wconf 90' lang='lat' dir='ltr'>nescire</span> <span class='ocrx_word' id='word_1_117' title='bbox 1033 1054 1229 1105; x_wconf 87' lang='lat' dir='ltr'>sinemus,</span> 
     </span>
    </p>

    <p class='ocr_par' dir='ltr' id='par_1_4' title="bbox 99 1110 1381 2328">
     <span class='ocr_line' id='line_1_18' title="bbox 223 1110 1246 1150; baseline 0.002 -2"><span class='ocrx_word' id='word_1_118' title='bbox 223 1110 390 1149; x_wconf 85' lang='lat' dir='ltr'>Horrida</span> <span class='ocrx_word' id='word_1_119' title='bbox 423 1110 680 1150; x_wconf 88' lang='lat' dir='ltr'>Sarmaticum</span> <span class='ocrx_word' id='word_1_120' title='bbox 712 1123 783 1149; x_wconf 86' lang='lat' dir='ltr'>cur</span> <span class='ocrx_word' id='word_1_121' title='bbox 815 1123 920 1149; x_wconf 90' lang='lat' dir='ltr'>mare</span> <span class='ocrx_word' id='word_1_122' title='bbox 954 1111 1069 1150; x_wconf 85' lang='lat' dir='ltr'>duret</span> <span class='ocrx_word' id='word_1_123' title='bbox 1101 1111 1246 1150; x_wconf 88' lang='lat' dir='ltr'>hiems.</span> 
     </span>
     <span class='ocr_line' id='line_1_19' title="bbox 164 1168 1381 1220; baseline 0.003 -13"><span class='ocrx_word' id='word_1_124' title='bbox 164 1169 343 1207; x_wconf 87' lang='lat' dir='ltr'>Proxima</span> <span class='ocrx_word' id='word_1_125' title='bbox 375 1175 466 1207; x_wconf 86' lang='lat' dir='ltr'>sunt</span> <span class='ocrx_word' id='word_1_126' title='bbox 498 1168 610 1207; x_wconf 88' lang='lat' dir='ltr'>nobis</span> <span class='ocrx_word' id='word_1_127' title='bbox 643 1168 806 1219; x_wconf 86' lang='lat' dir='ltr'>plaustri</span> <span class='ocrx_word' id='word_1_128' title='bbox 838 1169 1063 1220; x_wconf 85' lang='lat' dir='ltr'>praebentia</span> <span class='ocrx_word' id='word_1_129' title='bbox 1096 1170 1259 1208; x_wconf 79' lang='lat' dir='ltr'>sormam</span> <span class='ocrx_word' id='word_1_130' title='bbox 1308 1179 1381 1211; x_wconf 69' lang='lat'>(132)</span> 
     </span>
     <span class='ocr_line' id='line_1_20' title="bbox 100 1227 1206 1278; baseline 0.001 -13"><span class='ocrx_word' id='word_1_131' title='bbox 100 1235 145 1266; x_wconf 90' lang='lat'>40</span> <span class='ocrx_word' id='word_1_132' title='bbox 224 1227 272 1266; x_wconf 88' lang='lat' dir='ltr'>Et</span> <span class='ocrx_word' id='word_1_133' title='bbox 305 1239 403 1278; x_wconf 88' lang='lat' dir='ltr'>quae</span> <span class='ocrx_word' id='word_1_134' title='bbox 435 1228 689 1278; x_wconf 89' lang='lat' dir='ltr'>praecipuum</span> <span class='ocrx_word' id='word_1_135' title='bbox 724 1227 850 1266; x_wconf 88' lang='lat' dir='ltr'>sidera</span> <span class='ocrx_word' id='word_1_136' title='bbox 883 1228 1006 1278; x_wconf 81' lang='lat' dir='ltr'>frigus</span> <span class='ocrx_word' id='word_1_137' title='bbox 1040 1227 1206 1267; x_wconf 90' lang='lat' dir='ltr'>habent.</span> 
     </span>
     <span class='ocr_line' id='line_1_21' title="bbox 164 1285 1301 1339; baseline 0.003 -16"><span class='ocrx_word' id='word_1_138' title='bbox 164 1285 263 1324; x_wconf 91' lang='lat' dir='ltr'>Hinc</span> <span class='ocrx_word' id='word_1_139' title='bbox 296 1287 422 1324; x_wconf 88' lang='lat' dir='ltr'>oritur</span> <span class='ocrx_word' id='word_1_140' title='bbox 454 1285 592 1324; x_wconf 86' lang='lat' dir='ltr'>boreas</span> <span class='ocrx_word' id='word_1_141' title='bbox 625 1297 794 1336; x_wconf 87' lang='lat' dir='ltr'>oraeque</span> <span class='ocrx_word' id='word_1_142' title='bbox 827 1285 1064 1325; x_wconf 89' lang='lat' dir='ltr'>domesticus</span> <span class='ocrx_word' id='word_1_143' title='bbox 1096 1286 1187 1325; x_wconf 89' lang='lat' dir='ltr'>huic</span> <span class='ocrx_word' id='word_1_144' title='bbox 1219 1293 1301 1339; x_wconf 82' lang='lat' dir='ltr'>est,</span> 
     </span>
     <span class='ocr_line' id='line_1_22' title="bbox 224 1343 1013 1395; baseline 0.001 -13"><span class='ocrx_word' id='word_1_145' title='bbox 224 1343 271 1382; x_wconf 87' lang='lat' dir='ltr'>Et</span> <span class='ocrx_word' id='word_1_146' title='bbox 303 1345 422 1382; x_wconf 89' lang='lat' dir='ltr'>sumit</span> <span class='ocrx_word' id='word_1_147' title='bbox 454 1356 583 1383; x_wconf 91' lang='lat' dir='ltr'>mores</span> <span class='ocrx_word' id='word_1_148' title='bbox 615 1356 635 1382; x_wconf 93' lang='lat' dir='ltr'>a</span> <span class='ocrx_word' id='word_1_149' title='bbox 666 1345 849 1395; x_wconf 90' lang='lat' dir='ltr'>propiore</span> <span class='ocrx_word' id='word_1_150' title='bbox 882 1344 1013 1383; x_wconf 93' lang='lat' dir='ltr'>locus.</span> 
     </span>
     <span class='ocr_line' id='line_1_23' title="bbox 164 1402 1245 1455; baseline 0.002 -15"><span class='ocrx_word' id='word_1_151' title='bbox 164 1402 211 1440; x_wconf 88' lang='lat' dir='ltr'>At</span> <span class='ocrx_word' id='word_1_152' title='bbox 243 1407 357 1441; x_wconf 89' lang='lat' dir='ltr'>notus</span> <span class='ocrx_word' id='word_1_153' title='bbox 377 1433 387 1453; x_wconf 84' lang='lat'>‚</span> <span class='ocrx_word' id='word_1_154' title='bbox 419 1402 580 1441; x_wconf 90' lang='lat' dir='ltr'>adverso</span> <span class='ocrx_word' id='word_1_155' title='bbox 615 1402 789 1453; x_wconf 90' lang='lat' dir='ltr'>tepidum</span> <span class='ocrx_word' id='word_1_156' title='bbox 822 1404 890 1453; x_wconf 86' lang='lat' dir='ltr'>qui</span> <span class='ocrx_word' id='word_1_157' title='bbox 921 1404 1043 1454; x_wconf 83' lang='lat' dir='ltr'>spirat</span> <span class='ocrx_word' id='word_1_158' title='bbox 1074 1402 1119 1441; x_wconf 93' lang='lat' dir='ltr'>ab</span> <span class='ocrx_word' id='word_1_159' title='bbox 1152 1415 1245 1455; x_wconf 82' lang='lat' dir='ltr'>axe,</span> 
     </span>
     <span class='ocr_line' id='line_1_24' title="bbox 222 1460 1192 1511; baseline 0.002 -13"><span class='ocrx_word' id='word_1_160' title='bbox 222 1460 291 1499; x_wconf 89' lang='lat' dir='ltr'>Est</span> <span class='ocrx_word' id='word_1_161' title='bbox 322 1460 488 1511; x_wconf 87' lang='lat' dir='ltr'>procul,</span> <span class='ocrx_word' id='word_1_162' title='bbox 521 1466 559 1498; x_wconf 91' lang='lat' dir='ltr'>et</span> <span class='ocrx_word' id='word_1_163' title='bbox 591 1472 703 1498; x_wconf 88' lang='lat' dir='ltr'>rarus</span> <span class='ocrx_word' id='word_1_164' title='bbox 737 1460 1031 1511; x_wconf 83' lang='lat' dir='ltr'>languidiorque</span> <span class='ocrx_word' id='word_1_165' title='bbox 1065 1463 1192 1501; x_wconf 88' lang='lat' dir='ltr'>venit.</span> 
     </span>
     <span class='ocr_line' id='line_1_25' title="bbox 99 1518 1282 1571; baseline 0.002 -15"><span class='ocrx_word' id='word_1_166' title='bbox 99 1526 143 1558; x_wconf 83' lang='lat'>45</span> <span class='ocrx_word' id='word_1_167' title='bbox 163 1518 269 1557; x_wconf 84' lang='lat' dir='ltr'>Adde</span> <span class='ocrx_word' id='word_1_168' title='bbox 302 1518 405 1569; x_wconf 86' lang='lat' dir='ltr'>quod</span> <span class='ocrx_word' id='word_1_169' title='bbox 437 1518 500 1557; x_wconf 89' lang='lat' dir='ltr'>hic</span> <span class='ocrx_word' id='word_1_170' title='bbox 533 1518 664 1557; x_wconf 88' lang='lat' dir='ltr'>clauso</span> <span class='ocrx_word' id='word_1_171' title='bbox 697 1520 913 1557; x_wconf 86' lang='lat' dir='ltr'>miscentur</span> <span class='ocrx_word' id='word_1_172' title='bbox 945 1519 1103 1558; x_wconf 87' lang='lat' dir='ltr'>ssumina</span> <span class='ocrx_word' id='word_1_173' title='bbox 1135 1519 1282 1571; x_wconf 77' lang='lat' dir='ltr'>Ponto,</span> 
     </span>
     <span class='ocr_line' id='line_1_26' title="bbox 222 1576 1261 1628; baseline 0.003 -14"><span class='ocrx_word' id='word_1_174' title='bbox 222 1576 384 1628; x_wconf 88' lang='lat' dir='ltr'>Vimque</span> <span class='ocrx_word' id='word_1_175' title='bbox 417 1577 560 1615; x_wconf 85' lang='lat' dir='ltr'>fretum</span> <span class='ocrx_word' id='word_1_176' title='bbox 593 1576 714 1615; x_wconf 89' lang='lat' dir='ltr'>multo</span> <span class='ocrx_word' id='word_1_177' title='bbox 746 1577 875 1628; x_wconf 88' lang='lat' dir='ltr'>perdit</span> <span class='ocrx_word' id='word_1_178' title='bbox 906 1576 952 1615; x_wconf 88' lang='lat' dir='ltr'>ab</span> <span class='ocrx_word' id='word_1_179' title='bbox 985 1589 1097 1616; x_wconf 91' lang='lat' dir='ltr'>amne</span> <span class='ocrx_word' id='word_1_180' title='bbox 1131 1590 1261 1617; x_wconf 89' lang='lat' dir='ltr'>suam.</span> 
     </span>
     <span class='ocr_line' id='line_1_27' title="bbox 163 1634 1266 1688; baseline 0.002 -14"><span class='ocrx_word' id='word_1_181' title='bbox 163 1634 246 1674; x_wconf 87' lang='lat' dir='ltr'>Huc</span> <span class='ocrx_word' id='word_1_182' title='bbox 279 1635 405 1686; x_wconf 90' lang='lat' dir='ltr'>Lycus</span> <span class='ocrx_word' id='word_1_183' title='bbox 424 1666 435 1687; x_wconf 87' lang='lat'><em>,</em></span> <span class='ocrx_word' id='word_1_184' title='bbox 466 1635 542 1674; x_wconf 91' lang='lat' dir='ltr'>huc</span> <span class='ocrx_word' id='word_1_185' title='bbox 576 1635 730 1686; x_wconf 86' lang='lat' dir='ltr'>Sagaris</span> <span class='ocrx_word' id='word_1_186' title='bbox 762 1634 984 1686; x_wconf 87' lang='lat' dir='ltr'>Peniusque</span> <span class='ocrx_word' id='word_1_187' title='bbox 1018 1635 1266 1688; x_wconf 83' lang='lat' dir='ltr'>Hypanisque</span> 
     </span>
     <span class='ocr_line' id='line_1_28' title="bbox 888 1693 1076 1745; baseline 0.005 -13"><span class='ocrx_word' id='word_1_188' title='bbox 888 1693 1076 1745; x_wconf 87' lang='lat' dir='ltr'>Calesque</span> 
     </span>
     <span class='ocr_line' id='line_1_29' title="bbox 221 1751 1098 1804; baseline 0.002 -15"><span class='ocrx_word' id='word_1_189' title='bbox 221 1751 352 1790; x_wconf 83' lang='lat' dir='ltr'>Inssuit</span> <span class='ocrx_word' id='word_1_190' title='bbox 383 1757 423 1790; x_wconf 88' lang='lat' dir='ltr'>et</span> <span class='ocrx_word' id='word_1_191' title='bbox 453 1751 592 1790; x_wconf 88' lang='lat' dir='ltr'>crebro</span> <span class='ocrx_word' id='word_1_192' title='bbox 626 1753 768 1791; x_wconf 88' lang='lat' dir='ltr'>vertice</span> <span class='ocrx_word' id='word_1_193' title='bbox 801 1757 929 1791; x_wconf 88' lang='lat' dir='ltr'>tortus</span> <span class='ocrx_word' id='word_1_194' title='bbox 961 1752 1098 1804; x_wconf 85' lang='lat' dir='ltr'>Halys,</span> 
     </span>
     <span class='ocr_line' id='line_1_30' title="bbox 163 1809 1264 1864; baseline 0.003 -16"><span class='ocrx_word' id='word_1_195' title='bbox 163 1809 474 1860; x_wconf 87' lang='lat' dir='ltr'>Partheniusque</span> <span class='ocrx_word' id='word_1_196' title='bbox 508 1822 624 1860; x_wconf 86' lang='lat' dir='ltr'>rapax</span> <span class='ocrx_word' id='word_1_197' title='bbox 644 1841 654 1861; x_wconf 84' lang='lat'><em>‚</em></span> <span class='ocrx_word' id='word_1_198' title='bbox 687 1817 726 1849; x_wconf 88' lang='lat' dir='ltr'>et</span> <span class='ocrx_word' id='word_1_199' title='bbox 757 1810 914 1849; x_wconf 91' lang='lat' dir='ltr'>volvens</span> <span class='ocrx_word' id='word_1_200' title='bbox 947 1822 1036 1849; x_wconf 83' lang='lat' dir='ltr'>saxa</span> <span class='ocrx_word' id='word_1_201' title='bbox 1068 1811 1264 1864; x_wconf 83' lang='lat' dir='ltr'>Cynapses</span> 
     </span>
     <span class='ocr_line' id='line_1_31' title="bbox 99 1867 1119 1920; baseline 0.001 -13"><span class='ocrx_word' id='word_1_202' title='bbox 99 1875 143 1907; x_wconf 85' lang='lat'>50</span> <span class='ocrx_word' id='word_1_203' title='bbox 221 1867 411 1919; x_wconf 86' lang='lat' dir='ltr'>Labitur,</span> <span class='ocrx_word' id='word_1_204' title='bbox 443 1873 482 1906; x_wconf 91' lang='lat' dir='ltr'>et</span> <span class='ocrx_word' id='word_1_205' title='bbox 514 1867 620 1906; x_wconf 91' lang='lat' dir='ltr'>nullo</span> <span class='ocrx_word' id='word_1_206' title='bbox 653 1868 798 1906; x_wconf 88' lang='lat' dir='ltr'>tardior</span> <span class='ocrx_word' id='word_1_207' title='bbox 831 1880 941 1907; x_wconf 91' lang='lat' dir='ltr'>amne</span> <span class='ocrx_word' id='word_1_208' title='bbox 975 1868 1119 1920; x_wconf 88' lang='lat' dir='ltr'>Tyras:</span> 
     </span>
     <span class='ocr_line' id='line_1_32' title="bbox 163 1925 1209 1978; baseline 0.002 -14"><span class='ocrx_word' id='word_1_209' title='bbox 163 1925 210 1965; x_wconf 90' lang='lat' dir='ltr'>Et</span> <span class='ocrx_word' id='word_1_210' title='bbox 242 1931 313 1977; x_wconf 85' lang='lat' dir='ltr'>tu,</span> <span class='ocrx_word' id='word_1_211' title='bbox 346 1926 534 1964; x_wconf 83' lang='lat' dir='ltr'>femineae</span> <span class='ocrx_word' id='word_1_212' title='bbox 568 1925 816 1964; x_wconf 88' lang='lat' dir='ltr'>Thermodon</span> <span class='ocrx_word' id='word_1_213' title='bbox 849 1928 1002 1977; x_wconf 86' lang='lat' dir='ltr'>cognite</span> <span class='ocrx_word' id='word_1_214' title='bbox 1035 1934 1209 1978; x_wconf 88' lang='lat' dir='ltr'>turmae,</span> 
     </span>
     <span class='ocr_line' id='line_1_33' title="bbox 220 1983 1094 2035; baseline 0.002 -13"><span class='ocrx_word' id='word_1_215' title='bbox 220 1983 269 2022; x_wconf 86' lang='lat' dir='ltr'>Et</span> <span class='ocrx_word' id='word_1_216' title='bbox 301 1985 495 2034; x_wconf 90' lang='lat' dir='ltr'>quondam</span> <span class='ocrx_word' id='word_1_217' title='bbox 528 1983 653 2023; x_wconf 89' lang='lat' dir='ltr'>Graiis</span> <span class='ocrx_word' id='word_1_218' title='bbox 685 1984 799 2023; x_wconf 87' lang='lat' dir='ltr'>Phasi</span> <span class='ocrx_word' id='word_1_219' title='bbox 825 1986 945 2035; x_wconf 88' lang='lat' dir='ltr'>petite</span> <span class='ocrx_word' id='word_1_220' title='bbox 978 1987 1094 2025; x_wconf 90' lang='lat' dir='ltr'>viris:</span> 
     </span>
     <span class='ocr_line' id='line_1_34' title="bbox 164 2042 1308 2096; baseline 0.002 -15"><span class='ocrx_word' id='word_1_221' title='bbox 164 2042 336 2093; x_wconf 87' lang='lat' dir='ltr'>Cumque</span> <span class='ocrx_word' id='word_1_222' title='bbox 369 2042 626 2094; x_wconf 85' lang='lat' dir='ltr'>Borysthenio</span> <span class='ocrx_word' id='word_1_223' title='bbox 659 2042 941 2093; x_wconf 87' lang='lat' dir='ltr'>liquidissimus</span> <span class='ocrx_word' id='word_1_224' title='bbox 974 2056 1084 2082; x_wconf 87' lang='lat' dir='ltr'>amne</span> <span class='ocrx_word' id='word_1_225' title='bbox 1117 2043 1308 2096; x_wconf 87' lang='lat' dir='ltr'>Dyrapses</span> 
     </span>
     <span class='ocr_line' id='line_1_35' title="bbox 221 2100 1136 2152; baseline 0.002 -13"><span class='ocrx_word' id='word_1_226' title='bbox 221 2100 269 2139; x_wconf 87' lang='lat' dir='ltr'>Et</span> <span class='ocrx_word' id='word_1_227' title='bbox 300 2102 415 2139; x_wconf 87' lang='lat' dir='ltr'>tacite</span> <span class='ocrx_word' id='word_1_228' title='bbox 448 2113 638 2152; x_wconf 87' lang='lat' dir='ltr'>peragens</span> <span class='ocrx_word' id='word_1_229' title='bbox 670 2101 756 2139; x_wconf 90' lang='lat' dir='ltr'>lene</span> <span class='ocrx_word' id='word_1_230' title='bbox 790 2101 1007 2141; x_wconf 85' lang='lat' dir='ltr'>Melanthus</span> <span class='ocrx_word' id='word_1_231' title='bbox 1038 2104 1136 2141; x_wconf 89' lang='lat' dir='ltr'>iter:</span> 
     </span>
     <span class='ocr_line' id='line_1_36' title="bbox 100 2159 1243 2211; baseline 0.002 -14"><span class='ocrx_word' id='word_1_232' title='bbox 100 2165 143 2197; x_wconf 84' lang='lat'>55</span> <span class='ocrx_word' id='word_1_233' title='bbox 165 2159 317 2210; x_wconf 87' lang='lat' dir='ltr'>Quique</span> <span class='ocrx_word' id='word_1_234' title='bbox 350 2159 445 2198; x_wconf 91' lang='lat' dir='ltr'>duas</span> <span class='ocrx_word' id='word_1_235' title='bbox 478 2165 602 2198; x_wconf 88' lang='lat' dir='ltr'>terras</span> <span class='ocrx_word' id='word_1_236' title='bbox 622 2191 632 2211; x_wconf 94' lang='lat'><em>‚</em></span> <span class='ocrx_word' id='word_1_237' title='bbox 664 2160 793 2198; x_wconf 89' lang='lat' dir='ltr'>Asiam</span> <span class='ocrx_word' id='word_1_238' title='bbox 825 2159 1035 2211; x_wconf 88' lang='lat' dir='ltr'>Cadmique</span> <span class='ocrx_word' id='word_1_239' title='bbox 1069 2172 1243 2199; x_wconf 86' lang='lat' dir='ltr'>sororem</span> 
     </span>
     <span class='ocr_line' id='line_1_37' title="bbox 223 2216 1146 2269; baseline 0.003 -14"><span class='ocrx_word' id='word_1_240' title='bbox 223 2216 384 2268; x_wconf 86' lang='lat' dir='ltr'>Separat</span> <span class='ocrx_word' id='word_1_241' title='bbox 416 2223 455 2256; x_wconf 87' lang='lat' dir='ltr'>et</span> <span class='ocrx_word' id='word_1_242' title='bbox 487 2229 628 2257; x_wconf 86' lang='lat' dir='ltr'>cursus</span> <span class='ocrx_word' id='word_1_243' title='bbox 659 2219 763 2258; x_wconf 88' lang='lat' dir='ltr'>inter</span> <span class='ocrx_word' id='word_1_244' title='bbox 795 2224 1000 2269; x_wconf 88' lang='lat' dir='ltr'>utramque</span> <span class='ocrx_word' id='word_1_245' title='bbox 1032 2219 1146 2258; x_wconf 83' lang='lat' dir='ltr'>facit:</span> 
     </span>
     <span class='ocr_line' id='line_1_38' title="bbox 163 2274 1217 2328; baseline 0.004 -16"><span class='ocrx_word' id='word_1_246' title='bbox 163 2274 438 2326; x_wconf 87' lang='lat' dir='ltr'>Innumerique</span> <span class='ocrx_word' id='word_1_247' title='bbox 471 2276 563 2328; x_wconf 85' lang='lat' dir='ltr'>alii,</span> <span class='ocrx_word' id='word_1_248' title='bbox 596 2288 693 2327; x_wconf 89' lang='lat' dir='ltr'>quos</span> <span class='ocrx_word' id='word_1_249' title='bbox 725 2278 828 2315; x_wconf 88' lang='lat' dir='ltr'>inter</span> <span class='ocrx_word' id='word_1_250' title='bbox 860 2279 1050 2316; x_wconf 86' lang='lat' dir='ltr'>maximus</span> <span class='ocrx_word' id='word_1_251' title='bbox 1083 2290 1217 2316; x_wconf 87' lang='lat' dir='ltr'>omnes</span> 
     </span>
    </p>
   </div>
  </div>
 </body>
</html>
