1575 2489
217 95 302 137 2ῑο
753 95 1009 128 FASTORUM

392 203 589 253 Mergetur
620 204 726 241 visus
758 204 993 252 effugietque
1027 208 1136 242 tuos.

334 262 383 299 At
415 273 491 298 non
524 261 682 310 effugiet
714 260 980 298 Vindemitor.
1036 260 1109 299 hoc
1141 272 1296 312 quoque
1330 273 1486 300 causam

394 317 502 356 Unde
535 318 660 356 trahat
692 318 798 357 sidus
817 348 828 368 ‚
860 329 975 368 parva
1008 317 1148 357 docere
1181 330 1288 357 mora
1320 326 1402 358 est.

333 375 519 426 Ampelon
550 377 749 414 intonsum
782 380 909 426 satyro
942 376 1184 427 nymphaque
1216 382 1390 416 creatum

247 442 313 473 410
392 433 533 472 Fertur
564 435 603 472 in
636 433 805 472 Ismariis
837 433 1011 471 Bacchus
1043 446 1190 473 amasse
1224 435 1348 485 iugis.

337 491 528 542 [Tradidit
559 491 648 530 huic
681 493 798 530 vitem
831 490 1063 541 pendentem
1094 491 1297 530 frondibus
1330 492 1442 541 ulmi,

393 549 498 594 Quae
530 561 634 587 nunc
666 549 712 587 de
745 550 859 600 pueri
891 550 1044 588 nomine
1076 561 1218 588 nomen
1250 549 1406 600 habet]

335 607 434 646 Dum
465 607 558 657 legit
589 608 628 645 in
661 619 767 645 ramo
801 608 924 658 pictas
956 609 1186 646 temerarius
1218 620 1335 660 uvas,

391 664 570 704 Decidit.
626 667 811 703 amissum
842 664 958 703 Liber
990 665 1030 704 in
1062 671 1164 704 astra
1196 665 1306 704 tulit.

218 757 253 797 6.
269 755 368 796 ΑΝ)
383 766 1542 797 HOC·D1E·CAESAR-PONTIF·MAXIM-FACT·EST

246 848 312 878 415
335 839 475 877 Sextus
507 837 574 877 ubi
606 837 759 876 Oceano
792 837 979 876 clivosum
1011 838 1162 877 scandit
1194 838 1400 890 Olympum

391 896 570 935 Phoebus
589 927 600 947 ,
632 902 670 934 et
701 896 807 934 alatis
840 896 997 934 aethera
1029 898 1152 947 carpit
1184 898 1320 948 equis,

333 954 517 1005 Quisquis
550 953 640 992 ades
673 960 878 1004 castaeque
911 953 1006 992 colis
1038 954 1250 1005 penetralia
1281 954 1442 1007 Vestae,

395 1012 554 1051 Gratare
574 1043 585 1064 ,
617 1011 742 1050 Iliacis
774 1018 938 1063 turaque
970 1024 1071 1062 pone
1104 1012 1222 1051 focis.

334 1070 508 1109 Caesaris
539 1071 783 1121 innumeris,
816 1082 892 1120 quo
924 1070 1059 1108 maluit
1090 1069 1153 1108 ille
1186 1072 1352 1121 mereri,

247 1137 314 1168 420
394 1128 568 1167 Accessit
600 1128 722 1165 titulis
754 1127 986 1177 pontificalis
1018 1127 1165 1166 honor.

335 1186 492 1237 Ignibus
526 1187 694 1224 aeternis
727 1186 875 1223 aeterni
907 1186 1064 1223 numina
1096 1190 1283 1236 praesunt

393 1243 597 1282 Caesaris:
641 1244 795 1294 imperii
827 1244 987 1294 pignora
1018 1244 1150 1282 iuncta
1182 1243 1310 1282 vides.

335 1302 378 1340 Di
411 1303 553 1340 veteris
585 1300 753 1352 Troiae,
786 1301 1011 1351 dignissima
1042 1301 1185 1351 praeda
1217 1301 1382 1354 ferenti,

391 1359 474 1405 Qua
505 1361 631 1410 gravis
663 1360 812 1397 Aeneas
845 1364 953 1397 tutus
985 1358 1032 1397 ab
1064 1359 1175 1398 hoste
1209 1358 1304 1398 fnit!

246 1427 311 1458 425
334 1418 453 1458 Ortus
486 1417 532 1456 ab
564 1418 692 1456 Aenea
725 1418 847 1468 tangit
879 1422 1040 1468 cognata
1072 1417 1252 1456 sacerdos

391 1476 586 1515 Numina:
631 1481 866 1527 cognatum,
900 1475 1040 1526 Vesta,
1074 1482 1182 1514 tuere
1216 1481 1353 1526 caput.

333 1533 438 1580 Quos
471 1539 602 1572 sancta
634 1534 738 1572 fovet
768 1533 831 1571 ille
864 1545 1008 1584 manu,
1040 1533 1138 1571 bene
1172 1534 1297 1571 vivitis
1329 1534 1462 1584 ignes.

395 1591 516 1630 Vivite
548 1593 779 1643 inextincti,
812 1591 1042 1641 flammaque
1075 1591 1260 1642 duxque,
1292 1603 1457 1642 precor.

717 1682 753 1722 7.
785 1680 820 1721 B
848 1681 1043 1723 NON-F

334 1765 417 1805 Una
448 1771 538 1804 nota
570 1771 629 1804 est
660 1765 772 1804 Marti
803 1765 947 1803 Nonis:
992 1770 1140 1803 sacrata
1173 1765 1275 1815 quod
1307 1764 1381 1804 illis

246 1833 312 1864 430
391 1823 550 1874 Templa
582 1829 719 1875 putant
750 1823 858 1861 lucos
891 1822 1070 1861 Vediovis
1102 1828 1190 1861 ante
1222 1823 1343 1862 duos.

334 1881 521 1921 Romulus
553 1888 597 1920 ut
628 1893 719 1919 saxo
751 1881 883 1920 lucum
915 1881 1172 1920 circumdedit
1202 1880 1302 1932 alto,

392 1937 585 1986 ‘Quilibet
616 1936 714 1978 huc'
748 1941 876 1990 inquit
908 1936 1126 1990 ‘confuge,
1158 1944 1266 1977 tutus
1298 1935 1421 1978 eris.’

334 1998 365 2038 O
399 2009 514 2049 quam
546 1997 593 2036 de
626 1999 733 2036 tenui
766 1997 962 2036 Romanus
995 1999 1144 2047 origine
1177 1998 1321 2049 crevit,

392 2055 523 2094 Turba
554 2062 666 2094 vetus
698 2068 814 2106 quam
846 2067 923 2094 non
954 2055 1141 2093 invidiosa
1174 2053 1268 2093 fuit!

246 2122 313 2154 435
333 2113 390 2153 Ne
423 2120 552 2153 tamen
584 2115 718 2164 ignaro
751 2115 898 2152 novitas
931 2112 1001 2152 tibi
1031 2113 1199 2151 nominis
1231 2111 1382 2162 obstet,

393 2172 533 2224 Disce,
567 2174 652 2223 quis
684 2173 758 2210 iste
792 2171 916 2222 deus,
948 2183 1065 2209 curve
1097 2176 1258 2209 vocetur
1289 2171 1362 2209 ita.

331 2232 508 2281 iuppiter
541 2236 600 2268 est
630 2231 809 2268 iuvenis.
865 2228 1052 2268 iuvenaIIS
1084 2230 1213 2279 aspice
1245 2228 1395 2267 voltus:

393 2289 533 2339 Aspice
566 2288 735 2340 deinde,
768 2299 883 2326 manu
917 2286 1076 2326 fulmina
1107 2286 1211 2325 nulla
1244 2292 1372 2325 tenet.
