1575 2489
598 61 639 95 v.-
666 61 863 93 sss-656.
1308 56 1395 98 329

90 178 157 210 620
237 169 342 214 Quae
374 168 445 207 bos
477 180 525 207 ex
556 168 712 207 homine
745 173 834 219 est,
865 179 912 206 ex
943 165 1041 205 bove
1073 166 1173 206 facta
1205 166 1298 206 dea.

177 227 277 267 Tum
310 238 465 278 quoque
498 228 718 278 priscorum
750 227 858 276 virgo
891 224 1098 264 simulacra
1130 226 1305 264 virorum

234 285 388 324 Mittere
421 284 588 324 roboreo
620 286 771 336 scirpea
801 288 924 335 ponte
956 283 1076 322 solet.

179 343 350 394 Corpora
375 348 464 395 post
496 343 626 382 decies
659 354 774 382 senos
807 343 876 393 qui
907 341 1072 380 credidit
1104 353 1226 380 annos

235 402 351 440 Missa
384 403 500 454 neci,
533 401 693 440 sceleris
725 402 888 440 crimine
921 399 1077 439 damnat
1109 412 1223 439 avos.

90 468 156 500 625
177 460 293 499 Fama
324 465 465 500 vetus:
509 466 602 499 tunc
621 490 632 512 ,
667 471 756 499 cum
789 458 970 498 Saturnia
1007 464 1113 497 terra
1144 462 1277 497 vocata
1310 462 1397 508 est7

236 518 341 557 Talia
373 518 520 557 fatidici
551 518 654 557 dicta
686 518 795 557 fuere
827 517 950 556 Iovis:

177 573 388 615 eFalcifero
419 576 536 615 libata
568 578 652 616 seni
684 581 778 627 quot
809 587 974 626 corpora
1005 580 1141 626 gentes

234 635 405 688 Mittite,
438 647 536 686 quae
568 635 708 674 Tuscis
740 636 983 685 excipiantur
1015 629 1170 685 aquis?

176 692 308 733 Donec
339 695 379 733 in
411 693 506 732 haec
539 695 644 732 venit
674 692 903 744 Tirynthius
935 704 1055 744 arva,
1086 693 1294 743 quotannis

89 759 156 791 630
235 751 378 791 Tristia
410 751 604 791 Leucadio
637 763 745 790 sacra
776 756 933 803 peracta
965 751 1104 802 modo;

177 809 290 849 Illum
322 811 554 849 stramineos
585 812 625 849 in
657 821 796 861 aquam
827 811 980 847 misisse
1014 809 1212 860 Quirites,

235 867 415 907 Herculis
448 868 624 919 exemplo
657 879 821 919 corpora
852 867 946 906 falsa
977 868 1074 905 iaci.

179 926 292 976 [Pars
323 932 463 978 putat,
494 931 539 965 ut
570 927 721 965 ferrent
750 927 912 964 iuvenes
945 926 1127 976 suffragia
1159 924 1254 976 soli,

234 984 423 1024 Pontibus
454 985 630 1023 infirmos
662 985 940 1035 praecipitasse
973 995 1087 1023 senes
1102 982 1129 1033 .]

89 1050 155 1082 635
176 1042 351 1095 Thybri,
382 1043 478 1082 doce
511 1042 676 1082 verum!
716 1048 783 1082 tua
814 1044 898 1094 ripa
929 1043 1120 1082 vetustior
1151 1040 1256 1080 Urbe
1288 1046 1375 1093 est,

235 1101 477 1152 Principium
509 1103 609 1140 ritus
640 1106 684 1140 tu
715 1100 816 1140 bene
847 1113 964 1139 nosse
995 1106 1129 1152 potes.

179 1159 346 1210 Thybris
378 1159 674 1199 harundiferum
705 1159 834 1198 medio
867 1164 984 1211 caput
1015 1158 1154 1197 extulit
1186 1157 1292 1196 alveo

236 1218 444 1269 Raucaque
477 1217 637 1257 dimovit
667 1217 809 1257 talibus
842 1229 909 1256 ora
941 1218 1065 1256 sonis:

179 1273 304 1315 ‘Haec
335 1276 418 1315 loca
451 1276 625 1315 desertas
656 1276 735 1315 vidi
766 1278 849 1315 sine
882 1275 1087 1315 moenibus
1118 1274 1283 1314 herbas:

90 1342 158 1373 640
236 1334 425 1374 Pascebat
455 1346 609 1386 sparsas
641 1341 807 1385 utraque
839 1336 923 1386 ripa
954 1334 1096 1373 boves.

177 1392 228 1432 Et
258 1405 375 1444 quem
407 1405 511 1432 nunc
537 1399 673 1445 gentes
698 1393 871 1432 Tiberim
897 1398 1122 1444 noruntque
1154 1393 1400 1443 timentque,

236 1451 348 1490 Tunc
380 1453 496 1491 etiam
527 1454 662 1503 pecori
694 1451 967 1503 despiciendus
1000 1463 1128 1489 eram.

177 1510 337 1549 Arcadis
368 1509 539 1549 Evandri
570 1522 712 1549 nomen
744 1510 815 1549 tibi
847 1522 961 1561 saepe
994 1510 1191 1549 refertur:

237 1567 304 1607 Ille
337 1580 442 1607 meas
474 1570 593 1607 remis
625 1569 771 1607 advena
803 1570 918 1607 torsit
949 1580 1091 1619 aquas.

92 1634 158 1666 645
180 1625 293 1666 Venit
324 1633 363 1666 et
393 1627 547 1666 Alcides
566 1658 577 1675 ‚
609 1627 724 1666 turba
756 1629 963 1666 comitatus
995 1625 1161 1664 Achiva.

237 1684 403 1736 Albula,
435 1687 469 1724 si
500 1687 688 1738 memini,
719 1691 814 1724 tunc
845 1686 942 1724 mihi
973 1696 1116 1723 nomen
1149 1689 1255 1723 erat.

182 1742 354 1795 [Excipit
382 1744 552 1794 hospitio
584 1746 765 1783 iuvenem
796 1744 1008 1783 Pallantius
1040 1743 1156 1782 heros
1175 1773 1186 1793 ,

239 1801 289 1841 Et
319 1802 475 1841 tandem
507 1801 606 1841 Caco
638 1801 768 1841 debita
800 1814 924 1854 poena
955 1803 1062 1840 venit
1077 1803 1101 1847 .]

179 1860 311 1900 Victor
343 1860 452 1912 abit,
484 1872 697 1911 secumque
729 1860 848 1899 boves
866 1892 878 1912 ‚
909 1859 1119 1912 Erytheida
1150 1857 1360 1911 praedam,

91 1927 158 1959 650
239 1918 468 1958 Abstrahit:
512 1924 550 1958 at
582 1920 743 1958 comites
774 1919 928 1970 longius
959 1920 1017 1957 ire
1049 1923 1215 1968 negant.

179 1977 394 2028 Magnaque
425 1989 516 2029 pars
548 1977 689 2017 horum
722 1977 888 2017 desertis
920 1981 1080 2016 venerat
1111 1976 1248 2028 Argis,

236 2035 434 2075 Montibus
465 2036 526 2074 his
557 2041 709 2087 ponunt
735 2048 923 2087 spemque
955 2035 1156 2086 laremque
1188 2046 1327 2075 suum.

181 2093 304 2146 Saepe
335 2100 466 2134 tamen
497 2096 644 2146 patriae
677 2094 782 2133 dulci
813 2099 1027 2145 tanguntur
1060 2105 1215 2145 amore,

238 2153 364 2203 Atque
396 2153 536 2204 aliquis
568 2154 740 2192 moriens
772 2152 847 2192 hoc
878 2153 996 2192 breve
1029 2151 1185 2190 mandat
1216 2163 1338 2203 opus:

93 2218 160 2250 655
180 2207 358 2250 “Mittite
390 2223 451 2250 me
484 2210 646 2250 Tiberi:
689 2211 885 2250 Tiberinis
918 2216 1053 2250 vectus
1083 2212 1124 2249 in
1156 2209 1272 2249 undis

238 2268 349 2308 Litus
381 2269 428 2308 ad
460 2269 659 2309 Inachium
691 2270 818 2322 pulvis
849 2271 976 2308 inanis
1008 2264 1150 2308 eam.”
