1601 2484
138 77 225 112 VIII

137 199 208 234 per
240 199 280 224 se
313 187 542 237 suspiciosa,
579 188 644 226 vel
675 201 698 226 a
728 188 840 226 libris
872 189 1047 228 convicta
1077 192 1223 238 essent,
1253 190 1463 238 interpola-

137 245 256 282 tionis
288 258 432 295 genera
463 245 665 295 quaedam,
697 248 846 284 aetates
878 246 986 295 adeo,
1016 247 1056 285 in
1086 248 1464 296 Metamorphosibus

137 303 322 352 maxime,
361 304 660 353 indagarentur-3
697 303 738 340 id
775 304 876 352 quod
913 304 962 342 ad
998 305 1189 353 liquidum
1221 306 1463 353 exploratum

139 373 323 409 umquam
359 361 408 397 iri
444 361 621 409 profecto
660 361 742 409 spei
778 361 982 399 minimum
1020 364 1115 400 erat.
1186 363 1344 412 gravius
1376 363 1464 409 fuit,

139 419 243 467 quod
280 419 351 456 sub
388 418 492 456 idem
528 421 683 467 ternpus
723 420 898 468 quaestio
928 420 998 457 illa
1027 423 1218 469 perpetua
1247 420 1466 464 Horatiana

140 477 189 513 ad
215 475 400 515 Ovidium
430 477 686 525 permanavit,
719 489 795 525 qua
824 478 888 515 vel
919 478 1000 515 sine
1031 478 1141 516 libris
1172 479 1272 516 ratio
1300 481 1339 516 et
1363 478 1465 527 quod

139 536 297 583 oportet
328 537 545 584 spectatur,
576 535 653 573 loci
685 535 892 583 ampliores
924 548 1040 584 quam
1072 536 1174 584 apud
1205 536 1466 574 Schraderum

138 593 392 642 damnantur,
430 593 535 642 quod
572 592 621 630 ad
658 593 868 630 sollicitam
904 593 1010 631 illius
1040 594 1274 632 industriam
1304 594 1467 632 interior

138 651 194 688 rei
229 651 406 699 poeticae
443 651 705 700 intelligentia
742 650 902 689 accedit.
973 663 1098 700 neque
1142 653 1258 689 aliam
1300 653 1348 690 ob
1380 665 1460 690 rem

137 709 199 746 vir
230 709 394 746 eximius
425 709 664 747 Horatianae
698 709 794 747 artis
825 711 1015 747 stateram
1045 709 1280 748 Heroidibus
1311 711 1466 759 potissi-

137 780 244 804 mum
283 767 473 816 admovit,
518 779 635 816 quam
678 767 780 816 quod
817 767 858 804 in
895 779 940 805 eo
980 779 1122 816 genere
1166 769 1388 817 argumenti
1428 771 1467 806 et

136 825 464 862 lineamentorum
495 825 692 874 quandam
722 825 1121 873 circumscriptionem
1147 828 1186 863 et
1210 838 1387 863 normam
1411 827 1468 864 vi-

139 883 207 931 dit,
240 884 349 921 velut
381 883 476 921 artis
508 882 771 931 Praxiteleae,
804 885 908 921 certe
939 883 1056 932 paulo
1089 883 1188 921 alius
1220 884 1327 921 modi
1351 896 1467 933 quam

141 941 440 990 ethologiarum,
473 954 568 990 quas
594 942 737 989 ferunt,
769 941 1069 979 rhetoricarum:
1102 941 1205 990 quod
1223 945 1362 990 poetae
1382 954 1469 990 pro·

135 1000 309 1048 positum
342 999 374 1037 si
404 1002 556 1048 teneas,
594 998 918 1037 intersiticiorum
956 999 1179 1037 discrimina
1210 1000 1466 1048 apparebunt.

140 1057 259 1106 digna
303 1057 562 1095 admiratione
607 1070 653 1095 ea
688 1057 845 1095 Lehrsii
887 1057 1100 1106 disputatio
1145 1060 1184 1095 et
1226 1070 1325 1106 quae
1362 1070 1470 1096 reve-

136 1118 271 1153 renter
307 1116 519 1166 habeatur,
558 1115 626 1154 sed
663 1128 779 1164 aegre
816 1116 1047 1153 facultatem
1086 1115 1207 1153 habet
1242 1115 1282 1153 in
1314 1116 1469 1164 scriptis

137 1186 162 1211 a
204 1176 322 1223 poeta
364 1174 526 1212 rudibus
564 1176 603 1212 et
639 1174 880 1222 imperfectis
918 1173 1066 1211 relictis
1110 1176 1179 1211 aut
1221 1174 1270 1211 ab
1309 1176 1392 1211 arte
1430 1176 1470 1211 et

136 1232 333 1270 limatiore
366 1245 459 1270 cura
489 1233 572 1281 ipso
604 1232 811 1280 profitente
844 1231 998 1279 alienis,
1037 1231 1145 1269 cuius
1177 1231 1283 1269 modi
1313 1233 1470 1279 praeter

135 1290 307 1339 primum
338 1291 520 1328 volumen
552 1292 643 1327 sunt
675 1289 814 1328 omnia.

254 1349 418 1387 Accedit
460 1360 562 1386 nunc
605 1348 706 1398 quod
750 1361 849 1398 quae
889 1348 930 1385 in
965 1348 1026 1385 his
1063 1348 1382 1397 requirebantur,
1425 1351 1471 1386 ut

137 1410 314 1446 Iocorum
344 1407 603 1445 insiticiorum
633 1407 804 1445 ambitus
831 1408 871 1444 et
895 1406 1132 1455 terminatio,
1163 1408 1208 1444 ut
1239 1407 1348 1456 origo
1373 1407 1472 1444 mul-

138 1468 272 1515 tiplex,
298 1468 343 1504 ut
367 1467 526 1514 praeter
549 1465 665 1503 nimis
690 1465 900 1502 manifesta
919 1465 997 1502 alia
1016 1477 1168 1514 quoque
1189 1464 1469 1513 indicarentur,

140 1538 186 1563 ea
211 1526 368 1574 praesto
396 1526 486 1561 sunt
506 1524 609 1562 inter
629 1523 739 1561 tertii
757 1522 964 1562 voluminis
985 1522 1107 1571 dotes,
1138 1523 1329 1560 librorum
1353 1524 1472 1561 bene-

138 1583 224 1621 ficio
269 1586 309 1621 et
347 1582 570 1621 adiumento
613 1581 698 1631 illo,
743 1582 790 1619 de
827 1594 902 1630 quo
941 1581 1154 1619 indicatum
1194 1593 1312 1630 supra
1355 1583 1394 1619 et
1430 1582 1472 1619 in

137 1642 325 1691 proximis
352 1641 630 1690 exponendum.
704 1642 820 1678 erunt
843 1640 1022 1688 fortasse,
1054 1651 1153 1689 quae
1185 1639 1235 1677 ad
1259 1640 1469 1678 Metamor-

139 1701 282 1749 phoses
315 1702 384 1738 aut
415 1700 493 1738 alia
523 1699 757 1748 reciprocari
788 1699 955 1747 possint:
989 1698 1125 1736 eodem
1157 1710 1232 1747 quo
1258 1698 1339 1736 illic
1365 1700 1405 1735 et
1430 1698 1472 1735 in

139 1758 378 1796 Heroidibus
410 1758 494 1796 loco
526 1758 742 1795 manebunt
771 1759 937 1805 tantum,
971 1770 1068 1807 quae
1099 1759 1232 1806 partes
1265 1759 1354 1794 ante
1387 1768 1474 1794 sae-

141 1818 272 1855 culum
304 1817 483 1866 quintum
515 1816 689 1854 adiectae
723 1817 825 1864 s'unt,
857 1816 903 1852 de
935 1815 1076 1864 quibus
1107 1815 1314 1864 utrobique
1347 1814 1475 1852 Hora—

139 1876 265 1923 tiana,
298 1888 415 1924 quam
447 1875 574 1912 dicere
606 1874 733 1922 lubet,
766 1874 1047 1922 disceptatione
1080 1885 1177 1922 opus
1209 1874 1296 1913 erit.

260 1933 338 1971 Sed
369 1933 466 1971 satis
496 1945 585 1970 raro
616 1933 689 1970 hoc
719 1944 793 1969 usu
823 1932 954 1970 veniet
984 1934 1260 1981 praeterquam
1285 1932 1324 1969 in
1349 1931 1472 1979 Ibide,

142 1993 246 2042 quod
279 1992 508 2041 opusculum
539 1990 853 2040 interpolationis
887 1990 1143 2038 suspicionem
1174 2003 1294 2038 prope
1325 1990 1472 2027 nemini

139 2051 263 2089 movit
312 2052 470 2099 praeter
512 2049 566 2087 Io.
612 2048 882 2087 Schraderum.
956 2049 989 2086 is
1038 2048 1079 2086 in
1121 2048 1473 2086 Emendationibus

142 2112 183 2147 et
222 2108 372 2147 schedis
410 2107 651 2157 idiographis
688 2119 795 2144 more
835 2119 924 2155 suo,
962 2106 1106 2145 omissa
1143 2119 1275 2144 rerum
1306 2106 1473 2144 aliarum

142 2179 324 2215 censura,
376 2179 474 2215 quae
518 2165 757 2214 inelegantia
801 2166 840 2202 et
882 2165 1096 2215 incongrua
1138 2165 1325 2213 putabat,
1376 2165 1474 2203 satis

139 2226 268 2263 multa
298 2225 461 2263 notavit.
535 2224 725 2273 quaedam
767 2223 946 2261 versibus
977 2223 1226 2271 transpositis
1259 2223 1353 2261 satis
1386 2235 1474 2271 ope-

139 2297 229 2322 rose
273 2283 545 2332 concinnabat3
590 2282 658 2320 sed
701 2281 858 2331 egregie
902 2284 940 2319 et
977 2281 1153 2330 adposite
1190 2281 1278 2331 hos,
1324 2282 1378 2319 34
1418 2282 1470 2318 37
