1601 2484
195 75 259 108 XX
265 75 346 109 VIII

196 185 328 221 dextra
364 186 417 221 est
454 185 518 222 via
546 185 730 231 proxima
766 185 854 221 iano
885 184 1026 222 codicis
1057 183 1270 229 Ursiniani,
1314 182 1520 219 Petaviani

196 254 219 278 a
248 253 323 279 ma.
362 253 452 289 sea,
488 241 765 289 plurimorum,
803 253 901 290 quae
940 242 1120 280 convenit
1156 253 1243 279 oum
1273 241 1391 278 Festo
1422 239 1520 276 XIII

198 301 264 347 21,
297 300 320 336 5
353 299 544 345 Reliyiorii
580 301 632 336 est
667 299 893 345 quibasdam
920 303 1038 347 porta
1069 299 1302 337 Carmentali
1339 299 1463 345 eyrecli
1487 301 1521 335 et

195 358 237 394 iri
267 358 357 394 aede
381 356 486 398 Iani,
518 367 614 402 qaae
645 358 696 393 est
727 358 832 394 extra
862 368 956 400 eam,
986 361 1157 396 senatum
1180 357 1324 405 haberi,
1354 357 1451 403 qaod
1476 367 1521 394 ea

197 416 334 461 eyressi
370 424 434 451 sex
471 416 504 451 et
533 415 685 451 trecenti
715 414 832 451 Fabii
868 416 972 462 apud
1003 414 1220 453 Cremeram
1250 425 1376 452 omnes
1405 415 1519 452 inter-

196 473 283 518 fecti
313 474 402 509 sant
431 473 471 509 et
500 471 572 508 XV
608 473 643 520 7,
677 472 700 508 5
733 469 935 520 seele]rata
972 476 1095 511 autem
1126 473 1224 520 quod
1247 483 1320 519 per
1351 483 1434 510 eam
1454 502 1461 510 .
1481 501 1491 510 .
1511 502 1519 510 .

196 530 313 567 Fabii
331 527 436 577 c]um
455 530 644 567 clientium
667 530 834 567 millibus
854 560 862 568 .
883 559 891 568 .
912 559 921 568 .
941 560 950 568 .
969 531 1153 569 Etruscos
1178 531 1229 568 ad
1255 541 1404 568 amrcem
1423 559 1431 567 .
1452 559 1460 566 .
1482 559 1490 567 .
1511 559 1520 567 .

198 585 414 635 inter]fecti.
485 599 561 634 qua
598 598 641 625 ex
684 585 834 635 cau[sa'
860 616 868 625 .
907 616 916 625 .
954 617 963 626 .
1001 616 1010 625 .
1047 586 1211 637 inir]are
1249 589 1417 636 eyredive
1454 618 1461 626 .
1511 617 1521 635 ,

198 645 299 682 unde
343 646 541 694 glossema
585 645 725 683 codicis
768 646 936 683 recentis
978 644 1085 694 iarco]
1135 647 1270 693 templo
1317 647 1409 684 iani.
1482 645 1522 682 id

196 703 319 753 igitur
367 703 556 740 traditum
610 703 791 753 legerunt
839 702 1000 741 Ovidius
1050 705 1088 740 et
1136 703 1300 741 Verrius
1347 703 1521 741 Flaccus.

198 762 324 798 altera
359 761 553 810 scriptura
590 763 650 799 est
686 761 862 799 codicum
898 773 1112 810 paucorum
1154 773 1268 809 saepe
1309 761 1521 809 interpola-

197 821 341 866 torum,
372 820 499 857 dextro
523 821 588 857 via
609 821 786 867 proxima
810 821 911 866 iano,
937 831 1035 868 quae
1061 818 1218 856 Livium
1243 818 1371 856 reddit
1389 819 1429 856 II
1454 820 1523 862 48,

198 878 342 924 infelici
372 879 436 915 via
467 878 595 915 dextro
625 879 715 915 iano
738 880 876 925 portae
901 876 1155 916 Carmentalis
1177 878 1352 924 profecti,
1385 877 1453 914 sed
1482 877 1524 914 in

200 947 277 983 qua
294 937 476 982 proxima
501 947 657 972 sensum
680 947 759 973 non
784 935 915 984 habet,
947 947 1183 984 quamquam
1208 934 1322 972 eredo
1349 935 1523 972 enarrari

200 989 314 1042 ‘quae
340 993 528 1042 proxima,
557 993 637 1031 sive
666 993 893 1031 brevissima
915 994 980 1031 via
1006 993 1054 1030 ad
1080 992 1305 1030 Cremeram
1329 988 1522 1031 ducebat'.

199 1051 305 1088 illius
337 1051 459 1100 igitur
488 1051 705 1089 hexametri
737 1052 862 1089 altera
887 1052 1082 1100 scriptura
1106 1051 1364 1099 supplebatur
1387 1053 1522 1099 penta·

199 1110 326 1146 metro
354 1110 436 1147 204
462 1109 579 1146 Porta
603 1112 713 1147 ‘cacat
737 1110 860 1157 eulpa,
885 1110 949 1148 sed
974 1113 1098 1148 tamen
1123 1121 1229 1147 omeri
1252 1110 1371 1152 habet,
1398 1110 1525 1146 altera

200 1168 288 1217 hoo,
328 1168 409 1205 202
449 1168 516 1204 Ire
545 1178 618 1214 per
652 1168 750 1204 hanc
784 1168 863 1205 reoli
899 1167 999 1216 relL,
1037 1169 1081 1204 ut
1110 1179 1184 1214 per
1214 1168 1312 1205 hane
1347 1168 1387 1204 et
1418 1178 1525 1204 omen

199 1226 308 1263 habet
346 1225 395 1261 ad
431 1226 587 1273 portam
622 1225 862 1267 referantur,
899 1237 998 1273 quae
1035 1224 1085 1262 ad
1115 1225 1286 1262 dextram
1315 1226 1418 1263 viam
1447 1237 1526 1262 non

201 1283 405 1331 quadrant.
478 1284 641 1331 uterque
684 1282 717 1320 is
760 1284 1006 1331 pentameter
1048 1282 1088 1319 in
1131 1282 1305 1320 ordinem
1344 1284 1525 1331 receptus

201 1344 261 1379 est
293 1344 332 1378 et
362 1341 617 1388 interpositus
647 1341 874 1378 hexameter
907 1342 1008 1383 203,
1039 1340 1079 1377 in
1110 1353 1185 1388 quo
1216 1341 1298 1378 Illa
1329 1342 1445 1379 exisse
1476 1341 1525 1378 ad

200 1401 355 1448 portam
405 1400 567 1447 spectat.
641 1398 752 1447 atqui
795 1399 1056 1447 supplendum
1102 1400 1187 1435 erat
1229 1398 1284 1445 id,
1329 1398 1432 1447 quod
1475 1398 1525 1436 ad

199 1457 323 1495 totius
353 1457 429 1494 loci
460 1456 705 1494 intellectum
736 1469 853 1505 quam
883 1456 1050 1494 maxime
1083 1456 1208 1503 deest,
1245 1455 1526 1504 profectionem

199 1516 309 1552 illam
334 1515 481 1552 factum
508 1526 592 1552 esse
609 1517 761 1561 postero
780 1516 839 1553 die
858 1516 948 1563 post
966 1516 1146 1552 senatum
1165 1514 1353 1561 habitum,
1380 1514 1464 1552 Liv.
1484 1515 1525 1551 II

201 1575 273 1621 48,
312 1574 384 1621 49,
423 1572 485 1610 die
521 1572 775 1621 postriduano
814 1575 854 1610 et
890 1575 993 1621 atro,
1031 1573 1097 1621 qui
1128 1572 1322 1610 indicatur
1351 1586 1387 1611 v.
1422 1574 1523 1611 197:

199 1633 423 1679 susceperat,
454 1630 477 1668 i.
504 1643 535 1668 e.
569 1626 671 1668 eeum
700 1630 824 1678 pridie
858 1626 1117 1679 suscepisset’.
1190 1630 1294 1678 quod
1317 1631 1358 1667 in
1382 1630 1527 1681 pagina

199 1702 287 1727 mea
325 1690 405 1726 241
451 1689 620 1737 positum
661 1691 722 1726 est
762 1690 814 1726 14
851 1689 923 1726 EN
959 1689 1141 1738 coniungi
1178 1688 1314 1726 debuit
1350 1701 1438 1726 eum
1471 1690 1523 1727 13

199 1747 398 1784 DEIDN)
434 1747 587 1795 prioris.
661 1747 788 1795 siquid
832 1747 924 1784 olim
960 1747 1073 1784 affuit
1114 1747 1230 1784 huius
1267 1747 1388 1796 modi,
1432 1746 1526 1785 Car-

199 1808 333 1844 mentis
361 1808 499 1853 portae
534 1806 666 1843 dextra
702 1808 754 1843 est
788 1806 852 1843 via
880 1807 1063 1852 proxima
1092 1805 1210 1855 Iano,
1249 1805 1353 1853 Quae
1382 1805 1527 1843 Fabios

201 1867 288 1902 atra
317 1865 421 1902 misit
450 1864 500 1901 ad
532 1863 632 1901 Urbe
662 1864 731 1912 die,
762 1863 997 1901 narrationis
1031 1863 1146 1901 simul
1175 1863 1301 1907 nexui,
1333 1875 1431 1912 quae
1457 1863 1524 1900 ab-

200 1922 355 1970 ruptior
390 1933 492 1958 nuno
530 1923 607 1970 est,
644 1921 843 1970 provisum
882 1922 967 1961 erit.
1039 1921 1277 1958 Niebuhrius
1309 1921 1526 1959 rectissime

201 1976 313 2018 ‘crach
355 1981 422 2018 der
460 1980 558 2028 Tay,
601 1991 653 2017 ari
695 1980 778 2018 clem
820 1981 890 2018 clas
925 1980 1273 2027 Heldenyesclelecht
1309 1979 1408 2017 Rom
1443 1991 1525 2017 ver-

201 2040 299 2087 Ziess,
330 2039 464 2076 konnte
492 2038 594 2076 meki
622 2049 817 2086 veryesserc
847 2033 954 2086 seiri',
985 2037 1098 2075 modo
1130 2050 1177 2075 ne
1209 2036 1302 2074 Idus
1332 2037 1526 2075 infaustas

200 2098 390 2145 putasset.

317 2155 507 2203 Paginam
539 2154 641 2192 arch.
662 2162 726 2192 LII
757 2153 992 2192 claudebant
1023 2167 1085 2192 vv.
1111 2153 1152 2191 II
1178 2155 1260 2192 423
1294 2155 1392 2202 424,
1424 2153 1527 2203 quod

202 2208 429 2261 ‘abruptum
466 2208 672 2250 distichon'
710 2212 906 2250 iudicabat
939 2211 1188 2250 Schraderus.
1259 2223 1338 2249 non
1372 2211 1528 2250 videtur

201 2273 334 2309 tamen
366 2271 572 2309 confictum
604 2271 652 2308 ab
684 2270 981 2320 interpolatore,
1013 2270 1121 2319 quia,
1154 2270 1186 2307 si
1217 2269 1367 2318 demas,
1398 2270 1528 2307 hiulca
