1601 2484
751 68 976 100 TRISTIUM

277 183 297 214 5
317 175 396 214 Iam
428 187 549 226 prope
581 175 646 213 lux
678 174 838 226 aderat,
871 187 946 226 qua
977 188 1038 214 me
1071 175 1271 214 discedere
1305 176 1445 216 Caesar

318 233 479 272 Finibus
511 238 707 270 extremae
738 234 907 271 iusserat
937 234 1140 272 Ausoniae.

317 291 396 329 Nec
429 292 596 341 spatium
627 290 754 329 fuerat
773 322 783 342 ,
815 302 887 329 nec
919 303 1029 330 mens
1061 294 1154 330 satis
1185 298 1273 343 apta
1303 293 1488 343 parandi;

317 349 564 398 Torpuerant
595 348 709 398 longa
741 354 898 399 pectora
930 355 1062 388 nostra
1094 362 1224 388 mora.

317 406 402 444 Non
435 405 529 444 mihi
560 418 791 458 servorum,
823 408 985 446 comites
1016 420 1093 446 non
1126 420 1218 446 cura
1251 408 1426 460 legendi,

256 473 296 503 10
318 464 402 502 Non
435 469 545 515 aptae
577 465 742 515 profugo
774 467 892 503 vestis
924 467 1056 516 opisve
1089 466 1171 504 fuit.

319 522 404 560 Non
437 522 548 561 aliter
580 524 741 574 stupui,
774 535 889 573 quam
921 525 987 573 qui
1018 523 1118 562 Iovis
1148 524 1304 574 ignibus
1336 525 1438 563 ictus

318 580 419 619 Vivit
450 586 488 619 et
520 586 579 619 est
610 582 708 618 vitae
740 582 895 619 nescius
928 582 1011 632 ipse
1044 594 1158 620 suae.

317 638 367 677 Ut
398 644 526 677 tamen
559 639 658 677 hanc
689 640 807 677 animi
838 638 982 677 nubem
1014 639 1123 678 dolor
1154 642 1237 690 ipse
1269 642 1459 687 removit,

318 696 367 735 Et
398 697 552 735 tandem
585 709 723 735 sensus
756 697 986 735 convaluere
1017 699 1118 748 mei,

257 763 297 793 15
317 754 515 805 Adloquor
547 760 764 793 extremum
797 761 963 793 maestos
995 754 1173 794 abiturus
1205 757 1371 809 amicos,

318 813 394 858 Qui
425 813 537 851 modo
571 813 618 852 de
650 813 782 851 multis
814 825 916 852 unus
947 819 986 852 et
1017 813 1114 852 alter
1145 819 1278 853 erant.

318 870 422 909 Uxor
453 883 584 909 amans
616 871 772 910 flentem
804 872 901 909 ssens
933 873 1062 909 acrius
1094 874 1175 922 ipsa
1207 871 1386 924 tenebat,

317 928 445 967 Imbre
478 942 547 980 per
579 929 755 980 indignas
787 942 911 980 usque
944 930 1104 968 cadente
1137 942 1278 980 genas.

318 987 414 1025 Nata
446 987 582 1038 procul
614 987 766 1038 Libycis
799 987 932 1026 aberat
963 987 1114 1026 diversa
1146 988 1218 1026 sub
1251 989 1353 1040 oris,

255 1054 296 1084 20
318 1045 397 1084 Nec
429 1051 582 1095 poterat
614 1046 681 1083 sau
712 1047 856 1084 certior
888 1058 973 1084 esse
1005 1048 1104 1085 mei.

319 1103 575 1154 Quocumque
613 1105 837 1154 aspiceres,
869 1103 997 1142 luctus
1036 1106 1281 1155 gemitusque
1320 1104 1531 1158 sonabant,

319 1161 536 1212 Formaque
570 1173 646 1200 non
679 1163 786 1200 taciti
817 1162 966 1200 funeris
997 1164 1103 1200 intus
1135 1169 1241 1201 erat.

318 1219 475 1258 Femina
508 1221 644 1270 virque
676 1231 792 1271 meo,
824 1221 936 1270 pueri
968 1232 1122 1270 quoque
1165 1221 1301 1259 funere
1333 1228 1532 1274 maerent,

319 1277 440 1328 Inque
473 1277 586 1315 domo
619 1277 797 1316 lacrimas
829 1277 992 1328 angulus
1024 1279 1150 1316 omnis
1181 1278 1321 1318 habet:

255 1344 297 1375 25
321 1336 361 1374 Si
394 1335 485 1374 licet
517 1336 703 1387 exemplis
735 1338 775 1374 in
807 1338 935 1387 parvis
966 1336 1178 1387 grandibus
1210 1338 1289 1388 uti,

321 1393 423 1432 Haec
456 1394 572 1432 facies
604 1394 772 1445 Troiae,
805 1406 894 1432 cum
926 1401 1160 1446 caperetur,
1192 1400 1297 1433 erat.

319 1452 475 1502 Iamque
509 1452 760 1502 quiescebant
786 1464 900 1491 voces
932 1452 1210 1503 hominumque
1243 1465 1484 1506 canumque,

319 1510 504 1560 Lunaque
538 1516 750 1549 nocturnos
782 1510 856 1548 alta
888 1510 1046 1561 regebat
1078 1523 1221 1561 equos.

320 1568 426 1607 Hanc
460 1580 530 1619 ego
562 1570 780 1618 suspiciens
812 1574 851 1606 et
883 1568 928 1606 ab
962 1569 1032 1607 hac
1066 1568 1252 1620 Capitolia
1283 1581 1472 1623 cernens,

256 1636 299 1666 30
321 1627 427 1672 Quae
460 1632 593 1665 nostro
627 1627 771 1664 frustra
802 1628 932 1665 iuncta
965 1627 1074 1665 suere
1107 1627 1195 1678 lari,

321 1683 501 1723 ‘Numina
533 1686 669 1723 vicinis
701 1684 912 1723 habitantia
945 1682 1143 1737 sedibus',
1173 1687 1332 1736 inquam

322 1741 492 1793 ‘Iamque
525 1742 647 1781 oculis
680 1755 890 1793 numquam
923 1743 1065 1794 templa
1097 1743 1260 1782 videnda
1293 1746 1413 1797 meis,

321 1801 443 1852 Dique
477 1800 751 1852 relinquendi,
785 1813 883 1851 quos
914 1801 1009 1839 urbs
1042 1801 1158 1840 habet
1190 1802 1262 1841 alta
1297 1802 1473 1855 Quirini,

321 1859 412 1898 Este
446 1859 599 1897 salutati
631 1865 784 1910 tempus
816 1861 856 1897 in
888 1871 1001 1897 omne
1035 1859 1151 1898 mihi!

256 1927 299 1957 35
320 1917 370 1956 Et
402 1929 633 1968 quamquam
666 1929 753 1955 sero
786 1917 952 1968 clipeum
985 1924 1073 1968 post
1104 1918 1263 1956 vulnera
1295 1931 1427 1972 sumo,

320 1978 499 2014 Attamen
532 1975 629 2013 hanc
662 1975 759 2013 odiis
792 1981 999 2014 exonerate
1032 1977 1185 2027 fugam,

321 2034 563 2084 Caelestique
597 2035 677 2071 viro
697 2064 707 2084 ,
741 2035 827 2084 quis
861 2045 920 2071 me
954 2033 1152 2084 deceperit
1184 2046 1319 2086 error,

321 2092 443 2131 Dicite
464 2123 474 2143 ,
506 2104 575 2142 pro
608 2091 719 2142 culpa
751 2104 800 2130 ne
832 2091 960 2130 scelus
992 2104 1077 2130 esse
1109 2091 1243 2143 putet!

320 2150 370 2189 Ut
402 2150 503 2201 quod
536 2162 602 2188 vos
634 2151 771 2201 scitis,
804 2162 951 2200 poenae
985 2162 1139 2201 quoque
1175 2152 1317 2189 sentiat
1349 2156 1509 2203 auctor,

256 2217 300 2248 40
321 2209 474 2247 Placato
507 2220 667 2258 possum
699 2220 776 2246 non
807 2209 927 2246 miser
959 2220 1044 2247 esse
1078 2209 1149 2247 deo
1165 2206 1188 2247 .'

320 2266 400 2306 Hac
432 2278 549 2318 prece
582 2266 737 2305 adoravi
769 2278 932 2318 superos
965 2278 1066 2319 ego,
1096 2266 1276 2318 pluribus
1308 2279 1428 2319 uxor,
