1601 2484
172 66 230 107 44
723 64 947 97 TRISTIUM

292 175 458 213 Saevum
489 172 700 224 praelustri
731 171 878 210 fulmen
911 171 957 210 ab
989 173 1078 223 igne
1109 172 1215 210 venit

292 232 405 282 [Nam
438 242 671 281 quamquam
710 230 781 268 soli
819 235 984 280 possunt
1020 230 1206 280 prodesse
1238 233 1443 281 potentes,

289 290 375 328 Non
408 290 532 339 prosit
563 289 694 339 potius
713 318 724 338 ‚
755 287 967 338 plurimum
1000 287 1136 326 obesse
1169 292 1298 338 potest
1312 285 1340 336 .]

289 347 435 397 Effugit
466 345 650 384 hibernas
683 345 850 384 demissa
882 351 1061 384 antemna
1092 344 1307 396 procellas,

234 413 276 445 10
297 405 469 455 Lataque
501 404 589 454 plus
621 405 751 454 parvis
783 403 865 442 vela
896 405 1050 442 timoris
1081 402 1247 441 habent.

289 464 442 513 Aspicis
461 494 471 514 ‚
503 467 547 500 ut
578 473 727 500 summa
759 468 894 500 cortex
925 462 1022 500 levis
1053 462 1202 499 innatet
1234 459 1359 512 unda,

290 521 387 560 Cum
420 532 534 571 grave
566 531 664 558 nexa
697 519 812 558 simul
844 521 942 558 retia
975 525 1125 569 mergat
1155 516 1289 557 onus?

288 579 392 618 Haec
425 590 495 629 ego
529 580 561 616 si
594 579 762 616 monitor
795 578 966 616 monitus
998 578 1108 627 prius
1139 578 1223 627 ipse
1256 576 1440 623 fuissem,

290 638 333 676 In
367 649 442 687 qua
474 635 661 675 debebam
681 667 692 687 ‚
724 636 887 674 forsitan
919 633 1022 673 Urbe
1054 635 1201 674 sorem.

227 703 268 733 15
289 696 389 734 Dum
421 700 551 733 tecum
584 695 689 744 vixi,
720 693 812 732 dum
844 705 905 732 me
937 693 1032 731 levis
1064 704 1156 730 aura
1189 692 1360 744 ferebat,

288 753 392 792 Haec
425 765 509 791 mea
541 764 611 803 per
642 751 811 802 placidas
845 751 984 789 cumba
1016 752 1195 789 cucurrit
1226 762 1370 800 aquas.

291 812 367 857 Qui
393 811 494 849 cadit
520 812 559 848 in
585 810 699 861 plano
720 841 730 861 ,
752 831 800 836 —
831 811 894 848 vix
914 809 988 847 hoc
1008 815 1137 847 tamen
1159 810 1286 847 evenit
1306 810 1435 859 ipsum
1455 830 1505 836 -

291 869 355 908 Sic
388 869 518 920 cadit,
550 874 594 906 ut
625 874 725 906 tacta
757 879 918 918 surgere
950 868 1076 917 possit
1106 867 1247 905 humo:

290 929 338 966 At
370 928 489 965 miser
521 926 692 976 Elpenor
723 929 829 964 tecto
862 925 1044 976 delapsus
1076 924 1122 963 ab
1155 924 1230 962 alto

226 993 269 1024 20
291 985 474 1024 Occurrit
505 986 589 1035 regi
621 984 758 1022 debilis
790 983 927 1022 umbra
960 995 1053 1021 suo.

290 1043 391 1089 Quid
424 1043 496 1081 suit
515 1074 525 1094 ,
556 1048 600 1081 ut
632 1048 735 1081 tutas
767 1043 931 1092 agitaret
961 1041 1151 1079 Daedalus
1183 1041 1285 1093 alas,

289 1102 422 1139 Icarus
454 1102 650 1139 inmensas
682 1101 839 1138 nomine
871 1101 999 1150 signet
1030 1096 1183 1150 aquas?

290 1159 436 1210 Nempe
469 1158 571 1209 quod
604 1158 668 1196 hic
700 1157 805 1209 alte,
837 1158 1046 1196 demissius
1079 1157 1143 1194 ille
1176 1156 1348 1208 volabat3

289 1217 385 1256 Nam
416 1228 563 1268 pennas
598 1215 709 1254 ambo
741 1227 819 1253 non
850 1215 1022 1253 habuere
1055 1227 1166 1253 suas.

226 1284 269 1314 25
291 1275 414 1313 Crede
448 1274 572 1325 mihi,
603 1273 702 1312 bene
737 1275 803 1323 qui
835 1273 975 1324 latuit,
1006 1273 1104 1311 bene
1137 1274 1260 1324 vixit,
1293 1278 1332 1311 et
1362 1274 1464 1312 intra

290 1333 502 1372 Fortunam
534 1331 650 1370 debet
681 1334 847 1382 quisque
880 1343 1036 1369 manere
1069 1343 1201 1369 suam.

291 1391 375 1429 Non
409 1391 511 1429 foret
542 1390 737 1428 Eumedes
769 1389 888 1427 orbus
907 1420 918 1440 ‚
954 1391 986 1427 si
1018 1388 1120 1427 filius
1152 1390 1236 1427 eius

291 1449 443 1488 Stultus
475 1448 669 1487 Achilleos
700 1460 778 1486 non
810 1447 1026 1485 adamasset
1057 1459 1201 1498 equos3

290 1507 370 1545 Nec
402 1512 535 1545 natum
567 1508 607 1544 in
640 1506 791 1544 ssamma
823 1506 1010 1557 vidisset,
1041 1506 1081 1543 in
1114 1504 1253 1543 arbore
1286 1511 1418 1558 natas,

226 1574 270 1604 30
291 1565 467 1616 Cepisset
497 1566 650 1615 genitor
682 1565 715 1602 si
746 1563 987 1602 Phaethonta
1018 1563 1195 1613 Merops.

291 1623 351 1662 Tu
384 1635 540 1674 quoque
573 1622 736 1660 formida
768 1623 930 1659 nimium
964 1620 1143 1659 sublimia
1176 1633 1352 1674 semper,

291 1681 595 1732 propositique,
627 1691 768 1730 precor
787 1710 797 1727 ‚
829 1679 1015 1718 contrahe
1047 1679 1129 1717 vela
1160 1681 1241 1718 tui.

290 1739 387 1778 Nam
417 1739 516 1790 pede
549 1739 737 1777 inoffenso
770 1739 937 1788 spatium
970 1737 1181 1776 decurrere
1215 1739 1312 1776 vitae

291 1797 439 1848 Dignus
471 1809 513 1835 es
545 1803 585 1835 et
616 1796 693 1835 sato
726 1796 949 1834 candidiore
982 1796 1085 1834 frui.

228 1864 272 1895 35
293 1855 398 1900 Quae
431 1867 502 1906 pro
534 1861 572 1893 te
604 1861 648 1893 ut
678 1866 835 1892 voveam
854 1886 865 1905 ,
897 1855 982 1892 miti
1014 1854 1158 1904 pietate
1191 1855 1353 1892 mereris

292 1914 544 1964 Haesuraque
575 1913 649 1951 fide
683 1919 837 1962 tempus
869 1914 909 1950 in
941 1924 1055 1950 omne
1087 1911 1204 1951 mihi.

293 1972 379 2010 Vidi
411 1984 480 2022 ego
513 1977 551 2010 te
584 1971 650 2009 tali
681 1970 790 2009 vultu
822 1982 905 2008 mea
938 1971 1013 2008 sata
1045 1976 1289 2022 gementem,

293 2030 453 2076 Qualem
486 2029 669 2067 credibile
703 2034 762 2067 est
793 2040 859 2067 ore
892 2029 1013 2067 fuisse
1045 2040 1156 2067 meo,

294 2088 434 2127 Nostra
466 2094 552 2126 tuas
584 2087 663 2125 vidi
694 2086 871 2125 lacrimas
904 2098 1023 2137 super
1055 2098 1122 2124 ora
1155 2086 1360 2138 cadentes,

227 2155 271 2186 40
292 2147 484 2197 Tempore
519 2157 613 2196 quas
645 2157 722 2183 uno
754 2144 907 2196 fidaque
940 2143 1056 2182 verba
1088 2143 1191 2182 bibi.

292 2204 403 2243 Nunc
437 2216 592 2254 quoque
626 2209 862 2242 summotum
895 2202 1023 2241 studio
1056 2202 1232 2241 defendis
1264 2203 1454 2254 amicum,

291 2262 341 2301 Et
373 2262 470 2301 mala
504 2264 564 2300 vix
598 2261 674 2301 ulla
705 2267 814 2313 parte
847 2260 1006 2299 levanda
1038 2260 1163 2300 levas.
