1575 2489
174 87 229 128 98

722 85 909 117 TRISTIU
911 85 946 117 M

291 193 454 232 Difficile
494 198 576 244 est,
615 192 741 243 quod,
781 193 925 243 amice,
962 204 1117 243 mones,
1155 193 1245 242 quia
1282 192 1451 230 carmina

850 249 993 288 laetum

293 309 392 347 Sunt
423 320 521 358 opus
553 313 592 346 et
622 319 756 357 pacem
788 308 928 345 mentis
959 306 1102 345 habere
1134 306 1287 345 volunt.

251 374 271 405 5
291 366 430 404 Nostra
462 377 533 416 per
565 365 744 403 adversas
776 366 902 415 agitur
932 365 1087 403 fortuna
1118 364 1330 416 procellas,

294 424 405 462 Sorte
438 435 510 461 nec
542 422 616 461 ulla
650 434 734 460 mea
764 424 914 460 tristior
946 434 1030 461 esse
1062 428 1212 473 potest.

293 481 425 531 Exigis
445 512 455 532 ,
486 486 531 519 ut
561 480 739 518 Priamus
770 485 950 518 natorum
982 481 1117 518 funere
1150 480 1278 531 ludat,

292 538 341 577 Et
371 538 493 577 Niobe
526 538 647 576 festos
679 538 794 576 ducat
825 544 868 576 ut
899 537 992 576 orba
1024 535 1198 576 choros?

291 596 479 635 Luctibus
512 607 559 634 an
592 595 720 634 studio
752 595 886 633 videor
918 595 1059 633 debere
1090 596 1239 646 teneri,

231 662 273 694 10
295 655 409 693 Solus
440 656 481 692 in
513 658 709 692 extremos
741 654 871 691 iussus
904 652 1009 691 abire
1042 650 1191 691 Getas?

291 712 367 751 Des
398 712 488 751 licet
518 713 557 750 in
590 711 712 749 valido
744 716 882 762 pectus
913 710 1008 749 mihi
1038 710 1178 748 robore
1209 710 1375 761 fultum,

291 770 407 808 Fama
438 770 560 808 refert
590 769 705 820 Anyti
737 769 847 819 quale
881 769 1000 807 fuisse
1032 780 1124 807 reo:

291 828 428 866 Fracta
460 827 571 866 cadet
602 832 730 865 tantae
764 828 950 877 sapientia
982 826 1081 864 mole
1114 827 1270 865 ruinae.

291 885 383 924 Plus
414 885 515 924 valet
545 885 724 923 humanis
756 884 903 922 viribus
934 886 991 922 ira
1023 884 1110 922 dei.

230 950 271 982 15
291 943 358 981 Ille
391 955 508 982 senex
527 974 538 995 ,
570 943 697 981 dictus
730 944 882 993 sapiens
915 941 961 980 ab
992 942 1195 994 Apolline,
1227 941 1376 980 nullum

293 1001 474 1040 Scribere
505 1002 545 1039 111
576 1000 650 1039 1106
682 1012 773 1039 63511
805 1002 1056 1039 sustinuisset
1087 1011 1207 1050 opuS.

291 1059 341 1098 Ut
372 1060 527 1097 veniant
557 1060 735 1110 patriae,
767 1059 923 1096 veniant
954 1057 1092 1096 oblivia
1123 1058 1264 1108 vestri,

291 1116 427 1155 Omnis
459 1122 498 1155 et
529 1118 661 1154 amissi
693 1127 831 1154 sensus
863 1115 998 1154 abesse
1031 1121 1170 1166 queat:

291 1175 340 1213 At
370 1176 486 1213 timor
519 1175 646 1212 officio
679 1175 788 1224 fungi
818 1178 922 1211 vetat
952 1175 1035 1224 ipse
1068 1175 1265 1223 quietum:

229 1241 271 1271 20
293 1232 452 1271 Cinctus
485 1231 531 1270 ab
564 1233 769 1270 innumero
802 1243 863 1269 me
895 1236 1002 1269 tenet
1032 1230 1143 1269 hoste
1175 1229 1306 1269 locus!

291 1290 427 1342 Adde,
460 1289 563 1341 quod
595 1291 794 1340 ingenium
826 1289 938 1339 longa
970 1288 1145 1338 robigine
1178 1288 1323 1327 laesum

292 1348 438 1399 Torpet
469 1353 508 1386 et
539 1353 599 1386 est
627 1348 751 1386 multo
770 1379 780 1399 ,
813 1359 928 1398 quam
960 1347 1033 1385 fuit
1064 1352 1152 1385 ante
1170 1378 1181 1399 ,
1213 1348 1363 1385 minus.

291 1405 447 1444 Fertilis
466 1437 477 1457 ,
508 1405 662 1444 assiduo
696 1407 728 1444 si
759 1417 835 1443 non
862 1410 1072 1443 renovatur
1103 1410 1254 1455 aratro,

291 1463 352 1502 Nil
383 1465 459 1502 nisi
491 1474 580 1502 cum
612 1464 733 1514 spinis
765 1475 923 1513 gramen
955 1462 1112 1501 habebit
1143 1474 1256 1513 ager.

229 1530 272 1561 25
292 1522 483 1572 Tempore
516 1523 583 1572 qui
613 1521 727 1571 longo
761 1522 943 1572 steterit,
975 1520 1072 1559 male
1105 1526 1238 1559 curret
1269 1526 1309 1559 et
1339 1522 1441 1560 inter

293 1579 525 1618 Carceribus
556 1580 696 1617 missos
727 1578 887 1617 ultimus
919 1578 990 1616 ibit
1021 1590 1167 1629 equus.

292 1637 466 1676 Vertitur
497 1638 537 1675 in
569 1642 744 1675 teneram
777 1638 920 1676 cariem
951 1638 1139 1687 rimisque
1171 1635 1359 1688 dehiscit,

294 1695 414 1746 Siqua
446 1695 511 1733 diu
544 1694 667 1733 solitis
700 1694 838 1732 cumba
869 1694 1019 1732 vacabit
1050 1696 1183 1745 aquis.

291 1753 352 1792 Me
384 1764 540 1804 quoque
571 1753 763 1803 despera,
795 1753 935 1790 fuerim
968 1764 1056 1791 cum
1087 1764 1229 1803 parvus
1260 1759 1300 1791 et
1331 1758 1443 1805 ante,

228 1819 272 1850 30
291 1811 378 1862 Illi,
411 1812 477 1861 qui
508 1810 685 1861 fueram,
717 1822 831 1861 posse
863 1810 992 1849 redire
1024 1822 1179 1861 parem.

294 1869 478 1908 Contudit
508 1870 708 1918 ingenium
739 1870 923 1918 patientia
955 1868 1068 1918 longa
1100 1868 1311 1920 malorum,

292 1926 343 1965 Et
373 1938 462 1978 pars
494 1928 643 1977 antiqui
673 1925 778 1964 nulla
809 1928 952 1976 vigoris
985 1926 1115 1964 adest.

295 1984 414 2036 Siqua
456 1989 586 2023 tamen
629 1983 770 2035 nobis,
810 1990 854 2022 ut
896 1996 1000 2022 nunc
1045 1996 1229 2035 quoque,
1273 1989 1425 2035 sumpta

1015 2041 1154 2080 tabella
1186 2047 1267 2094 est,

292 2100 416 2151 Inque
447 2111 539 2139 suos
570 2100 675 2138 volui
706 2111 846 2151 cogere
877 2099 995 2138 verba
1025 2100 1168 2151 pedes,

229 2166 272 2197 35
295 2158 473 2197 Carmina
504 2157 608 2196 nulla
639 2157 734 2196 mihi
765 2163 856 2196 sunt
888 2159 1061 2208 scripta,
1094 2163 1160 2196 aut
1191 2157 1317 2208 qualia
1349 2159 1502 2210 cernis,

293 2216 414 2266 Digna
445 2217 506 2255 sui
538 2216 684 2254 domini
715 2221 919 2266 tempore,
951 2215 1064 2266 digna
1096 2215 1203 2254 loco.

294 2273 469 2325 Denique
501 2285 579 2313 non
610 2285 747 2325 parvas
779 2275 905 2312 animo
938 2272 1002 2312 dat
1033 2273 1154 2324 gloria
1184 2274 1310 2325 vires,
