1601 2484
178 67 235 108 46
730 69 954 102 TRISTIUM

296 175 429 214 Fidam
461 177 636 226 proiecto
667 187 764 214 neve
795 181 933 226 negate
965 188 1146 216 manum.

295 234 488 283 Prospera
520 235 576 272 sic
607 239 759 272 maneat
790 233 899 272 vobis
931 234 1115 287 fortuna,
1147 247 1218 274 nec
1251 247 1435 287 umquam

297 291 472 329 Contacti
505 291 621 330 simili
652 296 757 330 sorte
789 293 933 343 rogetis
964 292 1090 331 idem.

815 418 870 465 V.

295 522 397 562 Usus
429 524 620 561 amicitiae
652 528 782 562 tecum
814 523 909 562 mihi
940 535 1111 576 parvus,
1143 529 1186 563 ut
1217 523 1321 562 illam

294 580 380 619 Non
413 593 527 632 aegre
559 593 695 631 posses
727 581 970 620 dissimulare
989 611 1000 632 ‚
1032 581 1129 633 fuit,

294 638 375 678 Nec
408 651 469 677 me
502 639 727 690 complexus
758 639 896 678 vinclis
926 639 1177 690 propioribus
1210 652 1315 679 esses

294 696 398 736 Nave
430 709 516 736 mea
546 703 662 736 vento
681 729 692 749 ,
724 698 854 736 forsan
874 729 884 749 ,
917 702 1033 736 eunte
1066 709 1159 736 suo.

255 763 275 794 5
295 754 346 794 Ut
377 755 529 807 cecidi,
563 757 771 806 cunctique
805 761 911 794 metu
943 756 1079 806 fugere
1112 757 1287 807 ruinam,

297 813 492 864 Versaque
525 815 715 852 amicitiae
747 819 856 864 terga
889 813 1030 852 dedere
1063 825 1200 865 meae,

295 872 423 910 Ausus
455 883 497 910 es
528 872 616 921 igne
650 871 749 910 Iovis
781 883 1013 922 percussum
1044 876 1204 922 tangere
1237 883 1380 922 corpus

295 929 345 968 Et
377 929 597 980 deploratae
630 930 748 968 limen
780 930 886 968 adire
919 930 1081 968 domus:

294 987 414 1038 quue
448 999 586 1026 recens
618 993 791 1038 praestas
823 1000 895 1027 nec
927 988 1041 1038 longo
1074 988 1253 1038 cognitus
1285 1000 1382 1039 usu,

232 1053 273 1084 10
294 1046 406 1091 Quod
439 1051 613 1084 veterum
646 1048 788 1084 misero
820 1048 882 1084 vix
914 1046 990 1084 duo
1022 1052 1150 1084 tresve
1182 1046 1298 1084 mihi.

295 1104 381 1142 Vidi
413 1115 482 1154 ego
516 1104 698 1142 confusos
730 1104 888 1155 vultus,
920 1105 1102 1154 visosque
1135 1105 1286 1155 notavi,

296 1162 426 1212 Osque
460 1161 617 1200 madens
650 1162 742 1200 ssetu
775 1162 1034 1213 pallidiusque
1065 1174 1176 1213 meo,

295 1220 344 1259 Et
375 1220 553 1258 lacrimas
586 1232 752 1258 cernens
783 1221 823 1258 in
856 1220 1004 1270 singula
1037 1219 1152 1258 verba
1186 1219 1368 1258 cadentes

295 1278 372 1317 Ore
404 1290 490 1317 meo
523 1277 733 1330 lacrimas,
766 1277 924 1316 auribus
956 1277 1019 1316 illa
1050 1277 1153 1329 bibi3

233 1344 274 1375 15
295 1336 535 1387 Brachiaque
567 1338 701 1387 accepi
732 1348 867 1387 presso
900 1336 1107 1387 pendentia
1140 1335 1262 1387 collo,

293 1395 343 1434 Et
375 1394 594 1445 singultatis
627 1394 759 1433 oscula
790 1396 908 1433 mixta
941 1395 1069 1433 sonis.

295 1453 390 1492 Sum
417 1464 573 1503 quoque
592 1484 602 1504 ,
629 1464 717 1491 care
736 1484 747 1504 ,
779 1454 857 1491 tuis
883 1452 1067 1490 defensus
1093 1451 1240 1490 viribus
1267 1452 1428 1492 absens:
1455 1474 1505 1482 -

295 1511 378 1550 Scis
410 1522 543 1549 carum
574 1511 657 1549 veri
687 1512 855 1548 nominis
887 1522 973 1548 esse
1005 1509 1089 1549 loco
1115 1531 1171 1536 —

293 1568 489 1619 Multaque
522 1574 723 1619 praeterea
755 1569 951 1607 manifesti
982 1569 1090 1618 signa
1122 1569 1263 1607 favoris

230 1635 274 1666 20
294 1626 526 1666 Pectoribus
558 1631 672 1665 teneo
704 1639 782 1665 non
815 1626 964 1666 abitura
996 1628 1116 1665 meis.

292 1685 338 1724 Di
369 1684 440 1724 tihi
471 1696 587 1736 posse
619 1690 708 1723 tuos
741 1684 914 1723 tribuant
946 1684 1155 1723 defendere
1188 1697 1366 1737 semper,

294 1743 401 1789 Quos
432 1744 472 1781 in
505 1744 664 1781 materia
695 1744 944 1795 prosperiore
975 1743 1109 1781 iuves.

295 1801 336 1840 Si
368 1806 495 1840 tamen
527 1802 705 1853 interea,
744 1800 836 1851 quid
873 1802 913 1839 in
945 1800 1005 1839 his
1038 1813 1107 1851 ego
1137 1801 1315 1852 perditus
1346 1803 1424 1840 oris
1451 1823 1505 1829 —

294 1859 405 1904 Quod
436 1865 474 1898 te
507 1859 692 1898 credibile
725 1864 784 1897 est
816 1870 1004 1909 quaerere
1033 1881 1082 1886 —
1113 1861 1267 1910 quaeris
1286 1891 1296 1911 ,
1328 1872 1459 1911 agam:

229 1926 273 1957 25
296 1918 371 1968 Spe
403 1917 538 1957 trahor
578 1919 744 1969 exigua,
776 1929 890 1968 quam
922 1923 964 1956 tu
1001 1917 1097 1956 mihi
1129 1917 1285 1956 demere
1317 1919 1419 1971 noli,

294 1976 437 2015 Tristia
468 1975 582 2014 leniri
613 1976 771 2014 numina
802 1987 917 2026 posse
950 1975 1036 2014 dei.

296 2034 373 2073 Seu
405 2039 553 2072 temere
585 2039 747 2085 expecto
767 2065 778 2086 ,
809 2035 889 2072 sive
921 2033 959 2072 id
992 2035 1218 2085 contingere
1251 2034 1307 2072 fas
1339 2040 1420 2085 est,

295 2092 353 2131 Tu
386 2091 509 2144 mihi,
542 2092 645 2143 quod
678 2093 821 2144 cupio,
853 2092 939 2143 fas,
971 2104 1140 2143 precor,
1174 2104 1259 2130 esse
1291 2092 1436 2145 proba,

295 2150 480 2202 Quaeque
513 2150 583 2189 tibi
614 2150 767 2202 linguae
799 2151 1007 2203 facundia,
1039 2150 1173 2189 confer
1204 2152 1245 2189 in
1276 2150 1395 2202 illud,

229 2217 272 2248 30
293 2208 342 2247 Ut
374 2209 513 2248 doceas
544 2214 678 2248 votum
708 2220 823 2260 posse
855 2208 982 2247 valere
1014 2221 1167 2247 meum.

294 2266 379 2312 Quo
413 2269 577 2318 quisque
610 2273 670 2307 est
701 2269 851 2320 maior,
883 2268 1004 2318 magis
1038 2272 1096 2306 est
1127 2266 1324 2318 placabilis
1355 2269 1448 2319 irae,
