1575 2489
509 93 569 126 IV.
595 100 644 124 111
665 94 801 125 70-1v
822 94 876 125 54.
1301 88 1355 130 69

78 210 123 241 20
145 201 320 247 Quorum
351 199 413 237 hic
445 200 631 249 aspicitur
650 231 661 251 ‚
693 199 866 238 creditur
898 199 961 238 ille
994 199 1117 237 deus.

142 259 193 298 Ut
223 271 301 296 non
332 257 562 308 debuerim,
594 264 724 296 tamen
755 257 829 296 hoc
862 269 932 308 ego
965 258 1113 295 crimen
1144 255 1318 295 habebo:

142 317 227 355 Non
259 317 332 354 suit
363 315 514 354 arbitrii
545 315 674 353 littera
706 321 842 354 nostra
872 317 951 354 tui.

142 374 223 413 Nec
253 386 350 412 nova
368 404 379 425 ‚
411 373 514 424 quod
546 379 677 412 tecum
707 373 877 425 loquor,
909 378 968 411 est
998 374 1139 411 iniuria
1171 377 1327 423 nostra,

141 432 350 471 Incolumis
382 443 471 469 cum
504 443 580 481 quo
614 443 727 482 saepe
760 432 915 470 locutus
947 443 1052 469 eram
1073 461 1082 469 .

79 499 121 530 25
143 490 228 536 Quo
260 501 417 527 vereare
450 491 577 527 minus
597 521 608 541 ‚
639 502 688 527 ne
720 491 792 527 sim
823 489 895 527 tibi
928 490 1076 527 crimen
1108 489 1278 539 amicus,

140 548 325 587 Invidiam
345 578 356 599 ,
388 548 498 597 siqua
531 553 618 599 est,
650 554 786 586 auctor
816 547 960 585 hahere
992 552 1122 597 potest
1144 577 1153 585 .

140 606 236 645 Nam
268 612 359 644 tuus
391 611 450 643 est
474 607 611 656 primis
638 606 767 644 cultus
793 605 887 643 mihi
913 616 1067 655 semper
1099 604 1146 642 ab
1180 605 1290 641 annis
1311 625 1357 630 -

140 663 224 702 Hoc
256 669 362 702 certe
394 663 473 701 noli
505 663 749 702 dissimulare
781 685 828 691 —
857 669 997 714 pater3

140 721 422 773 Ingeniumque
453 733 584 760 meum
614 743 661 749 -
690 728 802 772 potes
833 721 907 759 hoc
939 720 1163 758 meminisse
1194 740 1242 747 —

729 779 942 831 probabat,

77 847 122 878 30
144 839 237 878 Plus
269 840 384 877 etiam
402 870 414 891 ‚
447 851 561 889 quam
592 850 654 876 me
685 837 813 876 iudice
845 837 985 887 dignus
1017 847 1148 887 eram3

140 897 274 947 Deque
307 898 404 935 meis
436 896 500 935 illo
533 895 729 934 referebat
760 895 939 934 versibus
971 907 1062 945 ore,

140 954 182 993 ln
217 967 292 1005 quo
324 966 414 1005 pars
446 966 605 1005 magnae
637 953 852 992 nobilitatis
885 960 996 992 erat.

139 1012 225 1051 Non
256 1014 375 1063 igitur
406 1011 477 1051 tibi
508 1024 641 1063 nunc,
679 1012 782 1063 quod
814 1024 876 1050 me
909 1012 1047 1050 domus
1078 1012 1152 1049 ista
1184 1012 1357 1062 recepit,

143 1070 218 1109 Sed
250 1072 360 1121 prius
393 1072 543 1109 auctori
575 1077 666 1109 sunt
698 1071 784 1109 data
815 1070 932 1108 verba
963 1076 1054 1109 tuo,

75 1136 120 1168 35
140 1129 225 1167 Non
257 1129 344 1187 (lata
376 1134 496 1180 sunt,
527 1129 623 1167 mihi
651 1129 765 1167 crede
798 1134 927 1166 tamen
948 1159 956 1166 .
1006 1128 1075 1167 sed
1106 1129 1147 1165 in
1180 1126 1360 1165 omnibus

730 1189 853 1239 actis,

141 1245 282 1284 Ultima
315 1247 347 1284 si
379 1246 510 1284 demas
529 1277 540 1297 ‚
572 1247 649 1283 vita
680 1245 824 1284 tuenda
856 1257 940 1283 mea
972 1251 1054 1283 est.

141 1303 248 1342 Hanc
276 1316 453 1354 quoque,
481 1316 555 1354 qua
580 1305 704 1355 perii,
733 1303 886 1354 culpam
912 1303 1040 1342 scelus
1067 1315 1153 1342 esse
1179 1303 1359 1356 negabis,

142 1361 184 1399 Si
216 1363 313 1400 tanti
345 1363 468 1400 series
500 1363 550 1400 sit
582 1361 654 1400 tibi
686 1368 777 1400 nota
808 1361 920 1400 mali.

138 1420 217 1458 Aut
248 1421 363 1458 timor
395 1426 461 1458 aut
493 1432 605 1458 error
636 1420 748 1458 nobis
768 1451 779 1471 ‚
810 1421 921 1470 prius
954 1419 1079 1458 obfuit
1111 1432 1245 1458 error.

76 1486 120 1517 40
142 1477 195 1516 A!
227 1479 310 1516 sine
343 1490 403 1516 me
434 1478 504 1516 sati
535 1490 613 1516 non
644 1479 869 1516 meminisse
900 1479 999 1516 mei.

140 1535 244 1574 Neve
275 1536 522 1575 retractando
555 1536 729 1575 nondum
761 1537 941 1575 coeuntia
974 1548 1112 1587 rumpe

142 1593 338 1634 Vulnera!
396 1596 457 1633 vix
489 1594 564 1632 illis
596 1594 773 1645 proderit
803 1596 886 1645 ipsa
919 1595 1052 1644 quies.

141 1651 244 1703 Ergo
276 1658 320 1691 ut
350 1654 435 1691 iure
468 1653 604 1691 damus
636 1665 780 1703 poenas
799 1684 810 1704 ,
843 1654 899 1690 sic
931 1652 1054 1690 abfuit
1087 1664 1200 1691 omne

140 1710 304 1750 Peccato
337 1712 489 1750 facinus
521 1711 807 1761 consiliumque
839 1723 949 1749 meo,

78 1777 121 1808 45
142 1768 261 1819 quue
294 1769 390 1808 deus
423 1770 569 1808 sentit.
619 1782 690 1820 pro
729 1782 805 1820 quo
844 1781 917 1808 nec
948 1769 1080 1807 lumen
1112 1768 1358 1821 ademptum,

139 1826 219 1866 Nec
250 1828 344 1866 mihi
376 1828 570 1866 detractas
601 1827 776 1879 possidet
807 1827 904 1866 alter
936 1839 1054 1879 opes.

140 1884 318 1924 Forsitan
350 1885 449 1925 hanc
480 1887 603 1936 ipsam
622 1917 633 1938 ‚
664 1887 789 1924 vivam
821 1886 934 1925 modo
954 1917 965 1936 ,
996 1886 1105 1924 finiet
1137 1885 1251 1934 olim,

140 1943 331 1994 Tempore
364 1956 453 1983 cum
485 1945 605 1983 suerit
635 1943 759 1983 lenior
790 1945 878 1995 ira,
910 1944 1063 1994 fugam.

140 2000 281 2052 Nunc,
311 2015 480 2055 precor,
512 2002 603 2041 hinc
635 2002 708 2041 alio
739 2002 871 2041 iubeat
902 2002 1105 2040 discedere
1126 2033 1136 2053 ‚
1169 2003 1201 2039 si
1233 2013 1310 2039 non

77 2067 120 2098 50
140 2059 280 2098 Nostra
311 2060 531 2099 verecundo
564 2067 651 2099 vota
683 2061 834 2111 pudore
867 2066 1022 2099 carent.

140 2116 273 2156 Mitius
305 2118 462 2157 exilium
494 2119 686 2170 pauloque
718 2120 978 2170 propinquius
1010 2122 1124 2170 opto,

142 2174 294 2226 Quique
327 2178 377 2216 sit
408 2189 428 2215 a
461 2189 574 2215 saevo
606 2177 760 2228 longius
791 2176 903 2214 hoste
935 2176 1068 2227 locus3

141 2232 370 2283 Quantaque
400 2235 441 2272 in
472 2235 647 2286 Augusto
681 2235 909 2287 clementia,
941 2237 1064 2286 siquis
1095 2234 1142 2274 ab
1174 2235 1240 2274 illo

139 2290 223 2330 Hoc
254 2296 407 2343 peteret
437 2305 509 2343 pro
542 2306 620 2345 me,
653 2294 813 2332 forsitan
846 2293 909 2332 ille
941 2294 1066 2334 daret.
