<?xml version="1.0" encoding="UTF-8"?>
<!DOCTYPE html PUBLIC "-//W3C//DTD XHTML 1.0 Transitional//EN"
    "http://www.w3.org/TR/xhtml1/DTD/xhtml1-transitional.dtd">
<html xmlns="http://www.w3.org/1999/xhtml" xml:lang="en" lang="en">
 <head>
  <title>
</title>
<meta http-equiv="Content-Type" content="text/html;charset=utf-8" />
  <meta name='ocr-system' content='tesseract 3.04.00' />
  <meta name='ocr-capabilities' content='ocr_page ocr_carea ocr_par ocr_line ocrx_word'/>
</head>
<body>
  <div class='ocr_page' id='page_1' title='image "./operaovid01oviduoft/operaovid01oviduoft_0384.png"; bbox 0 0 1575 2489; ppageno 0'>
   <div class='ocr_carea' id='block_1_1' title="bbox 179 42 972 83">
    <p class='ocr_par' dir='ltr' id='par_1_1' title="bbox 179 42 972 83">
     <span class='ocr_line' id='line_1_1' title="bbox 179 42 972 83; baseline -0.01 0"><span class='ocrx_word' id='word_1_1' title='bbox 179 42 267 83; x_wconf 82' lang='lat'>336</span> <span class='ocrx_word' id='word_1_2' title='bbox 720 45 972 77; x_wconf 74' lang='lat' dir='ltr'><strong>FASTORUM</strong></span> 
     </span>
    </p>
   </div>
   <div class='ocr_carea' id='block_1_2' title="bbox 213 149 1510 2289">
    <p class='ocr_par' dir='ltr' id='par_1_2' title="bbox 213 149 1510 2289">
     <span class='ocr_line' id='line_1_2' title="bbox 299 149 1431 206; baseline 0.003 -16"><span class='ocrx_word' id='word_1_3' title='bbox 299 151 475 202; x_wconf 84' lang='lat' dir='ltr'>Nympha</span> <span class='ocrx_word' id='word_1_4' title='bbox 505 149 614 189; x_wconf 90' lang='lat' dir='ltr'>iubet</span> <span class='ocrx_word' id='word_1_5' title='bbox 645 152 780 201; x_wconf 88' lang='lat' dir='ltr'>quaeri</span> <span class='ocrx_word' id='word_1_6' title='bbox 811 151 858 189; x_wconf 88' lang='lat' dir='ltr'>de</span> <span class='ocrx_word' id='word_1_7' title='bbox 891 163 998 190; x_wconf 89' lang='lat' dir='ltr'>more</span> <span class='ocrx_word' id='word_1_8' title='bbox 1032 155 1220 192; x_wconf 88' lang='lat' dir='ltr'>remotius</span> <span class='ocrx_word' id='word_1_9' title='bbox 1252 160 1431 206; x_wconf 85' lang='lat' dir='ltr'><strong>antrum,</strong></span> 
     </span>
     <span class='ocr_line' id='line_1_3' title="bbox 360 209 1366 261; baseline 0.005 -14"><span class='ocrx_word' id='word_1_10' title='bbox 360 209 487 259; x_wconf 90' lang='lat' dir='ltr'>thue</span> <span class='ocrx_word' id='word_1_11' title='bbox 520 219 650 246; x_wconf 90' lang='lat' dir='ltr'>comes</span> <span class='ocrx_word' id='word_1_12' title='bbox 682 210 859 259; x_wconf 90' lang='lat' dir='ltr'>sequitur</span> <span class='ocrx_word' id='word_1_13' title='bbox 877 239 888 260; x_wconf 87' lang='lat'><em>,</em></span> <span class='ocrx_word' id='word_1_14' title='bbox 920 209 1172 261; x_wconf 83' lang='lat' dir='ltr'>destituitque</span> <span class='ocrx_word' id='word_1_15' title='bbox 1205 211 1366 252; x_wconf 90' lang='lat' dir='ltr'>ducem.</span> 
     </span>
     <span class='ocr_line' id='line_1_4' title="bbox 301 264 1506 321; baseline 0.005 -17"><span class='ocrx_word' id='word_1_16' title='bbox 301 264 453 305; x_wconf 75' lang='lat' dir='ltr'>Stulta!</span> <span class='ocrx_word' id='word_1_17' title='bbox 497 265 601 304; x_wconf 88' lang='lat' dir='ltr'>videt</span> <span class='ocrx_word' id='word_1_18' title='bbox 631 265 746 304; x_wconf 86' lang='lat' dir='ltr'>Ianus</span> <span class='ocrx_word' id='word_1_19' title='bbox 765 296 776 317; x_wconf 87' lang='lat'><em>,</em></span> <span class='ocrx_word' id='word_1_20' title='bbox 809 278 906 317; x_wconf 91' lang='lat' dir='ltr'>quae</span> <span class='ocrx_word' id='word_1_21' title='bbox 937 272 1026 317; x_wconf 89' lang='lat' dir='ltr'>post</span> <span class='ocrx_word' id='word_1_22' title='bbox 1057 279 1125 306; x_wconf 90' lang='lat' dir='ltr'>sua</span> <span class='ocrx_word' id='word_1_23' title='bbox 1156 275 1264 320; x_wconf 86' lang='lat' dir='ltr'>terga</span> <span class='ocrx_word' id='word_1_24' title='bbox 1296 276 1506 321; x_wconf 81' lang='lat' dir='ltr'>gerantur:</span> 
     </span>
     <span class='ocr_line' id='line_1_5' title="bbox 357 323 1255 375; baseline 0.006 -14"><span class='ocrx_word' id='word_1_25' title='bbox 357 324 419 362; x_wconf 85' lang='lat' dir='ltr'>Nil</span> <span class='ocrx_word' id='word_1_26' title='bbox 450 325 529 374; x_wconf 86' lang='lat' dir='ltr'>agis</span> <span class='ocrx_word' id='word_1_27' title='bbox 548 354 558 374; x_wconf 85' lang='lat'>‚</span> <span class='ocrx_word' id='word_1_28' title='bbox 591 328 629 361; x_wconf 91' lang='lat' dir='ltr'>et</span> <span class='ocrx_word' id='word_1_29' title='bbox 659 323 825 362; x_wconf 87' lang='lat' dir='ltr'>latebras</span> <span class='ocrx_word' id='word_1_30' title='bbox 856 326 1018 375; x_wconf 85' lang='lat' dir='ltr'>respicit</span> <span class='ocrx_word' id='word_1_31' title='bbox 1049 325 1112 364; x_wconf 91' lang='lat' dir='ltr'>ille</span> <span class='ocrx_word' id='word_1_32' title='bbox 1145 332 1255 366; x_wconf 87' lang='lat' dir='ltr'>tuas.</span> 
     </span>
     <span class='ocr_line' id='line_1_6' title="bbox 213 380 1401 435; baseline 0.004 -15"><span class='ocrx_word' id='word_1_33' title='bbox 213 391 280 421; x_wconf 76' lang='lat'>125</span> <span class='ocrx_word' id='word_1_34' title='bbox 300 381 361 420; x_wconf 80' lang='lat' dir='ltr'>Nil</span> <span class='ocrx_word' id='word_1_35' title='bbox 393 383 502 432; x_wconf 81' lang='lat' dir='ltr'>agis,</span> <span class='ocrx_word' id='word_1_36' title='bbox 535 380 611 419; x_wconf 81' lang='lat' dir='ltr'>en!</span> <span class='ocrx_word' id='word_1_37' title='bbox 644 381 752 420; x_wconf 86' lang='lat' dir='ltr'>dixi:</span> <span class='ocrx_word' id='word_1_38' title='bbox 795 393 883 420; x_wconf 89' lang='lat' dir='ltr'>nam</span> <span class='ocrx_word' id='word_1_39' title='bbox 915 388 952 421; x_wconf 92' lang='lat' dir='ltr'>te</span> <span class='ocrx_word' id='word_1_40' title='bbox 985 382 1057 421; x_wconf 90' lang='lat' dir='ltr'>sub</span> <span class='ocrx_word' id='word_1_41' title='bbox 1088 395 1186 435; x_wconf 91' lang='lat' dir='ltr'>rupe</span> <span class='ocrx_word' id='word_1_42' title='bbox 1217 384 1401 425; x_wconf 88' lang='lat' dir='ltr'>latentem</span> 
     </span>
     <span class='ocr_line' id='line_1_7' title="bbox 359 438 1239 491; baseline 0.005 -13"><span class='ocrx_word' id='word_1_43' title='bbox 359 439 533 489; x_wconf 81' lang='lat' dir='ltr'>Occupat</span> <span class='ocrx_word' id='word_1_44' title='bbox 564 438 771 491; x_wconf 85' lang='lat' dir='ltr'>amplexu,</span> <span class='ocrx_word' id='word_1_45' title='bbox 803 451 951 490; x_wconf 88' lang='lat' dir='ltr'>speque</span> <span class='ocrx_word' id='word_1_46' title='bbox 982 442 1129 491; x_wconf 89' lang='lat' dir='ltr'>potitus</span> <span class='ocrx_word' id='word_1_47' title='bbox 1162 444 1239 482; x_wconf 89' lang='lat' dir='ltr'>ait:</span> 
     </span>
     <span class='ocr_line' id='line_1_8' title="bbox 301 495 1338 548; baseline 0.005 -13"><span class='ocrx_word' id='word_1_48' title='bbox 301 495 387 536; x_wconf 72' lang='lat' dir='ltr'>‘Ius</span> <span class='ocrx_word' id='word_1_49' title='bbox 418 509 489 548; x_wconf 85' lang='lat' dir='ltr'>pro</span> <span class='ocrx_word' id='word_1_50' title='bbox 523 496 733 535; x_wconf 87' lang='lat' dir='ltr'>concubitu</span> <span class='ocrx_word' id='word_1_51' title='bbox 765 503 899 536; x_wconf 88' lang='lat' dir='ltr'>nostro</span> <span class='ocrx_word' id='word_1_52' title='bbox 931 498 1001 536; x_wconf 87' lang='lat' dir='ltr'>tibi</span> <span class='ocrx_word' id='word_1_53' title='bbox 1032 499 1199 538; x_wconf 89' lang='lat' dir='ltr'>cardinis</span> <span class='ocrx_word' id='word_1_54' title='bbox 1232 507 1338 540; x_wconf 86' lang='lat' dir='ltr'>estc.</span> 
     </span>
     <span class='ocr_line' id='line_1_9' title="bbox 359 555 1259 606; baseline 0.006 -14"><span class='ocrx_word' id='word_1_55' title='bbox 359 555 440 593; x_wconf 92' lang='lat' dir='ltr'>Hoc</span> <span class='ocrx_word' id='word_1_56' title='bbox 471 556 641 605; x_wconf 89' lang='lat' dir='ltr'>pretium</span> <span class='ocrx_word' id='word_1_57' title='bbox 673 556 821 606; x_wconf 84' lang='lat' dir='ltr'>positae</span> <span class='ocrx_word' id='word_1_58' title='bbox 854 557 1084 606; x_wconf 85' lang='lat' dir='ltr'>virginitatis</span> <span class='ocrx_word' id='word_1_59' title='bbox 1115 556 1259 597; x_wconf 87' lang='lat' dir='ltr'>habe.&#39;</span> 
     </span>
     <span class='ocr_line' id='line_1_10' title="bbox 302 613 1322 667; baseline 0.004 -16"><span class='ocrx_word' id='word_1_60' title='bbox 302 613 365 652; x_wconf 90' lang='lat' dir='ltr'>Sic</span> <span class='ocrx_word' id='word_1_61' title='bbox 396 613 498 651; x_wconf 91' lang='lat' dir='ltr'>fatus</span> <span class='ocrx_word' id='word_1_62' title='bbox 530 613 709 664; x_wconf 86' lang='lat' dir='ltr'>spinam,</span> <span class='ocrx_word' id='word_1_63' title='bbox 743 625 817 664; x_wconf 89' lang='lat' dir='ltr'>qua</span> <span class='ocrx_word' id='word_1_64' title='bbox 849 615 982 652; x_wconf 84' lang='lat' dir='ltr'>tristes</span> <span class='ocrx_word' id='word_1_65' title='bbox 1013 614 1158 665; x_wconf 89' lang='lat' dir='ltr'>pellere</span> <span class='ocrx_word' id='word_1_66' title='bbox 1189 622 1322 667; x_wconf 91' lang='lat' dir='ltr'>posset</span> 
     </span>
     <span class='ocr_line' id='line_1_11' title="bbox 213 669 1389 713; baseline 0.003 -3"><span class='ocrx_word' id='word_1_67' title='bbox 213 680 279 710; x_wconf 87' lang='grc'>130</span> <span class='ocrx_word' id='word_1_68' title='bbox 358 671 389 709; x_wconf 89' lang='grc' dir='ltr'><strong>Α</strong></span> <span class='ocrx_word' id='word_1_69' title='bbox 420 669 570 709; x_wconf 88' lang='lat' dir='ltr'>foribus</span> <span class='ocrx_word' id='word_1_70' title='bbox 602 682 721 708; x_wconf 89' lang='lat' dir='ltr'>noxas</span> <span class='ocrx_word' id='word_1_71' title='bbox 753 693 797 698; x_wconf 95' lang='lat'><strong>—</strong></span> <span class='ocrx_word' id='word_1_72' title='bbox 829 671 924 710; x_wconf 90' lang='lat' dir='ltr'>haec</span> <span class='ocrx_word' id='word_1_73' title='bbox 956 678 1039 710; x_wconf 90' lang='lat' dir='ltr'>erat</span> <span class='ocrx_word' id='word_1_74' title='bbox 1071 672 1155 711; x_wconf 90' lang='lat' dir='ltr'>alba</span> <span class='ocrx_word' id='word_1_75' title='bbox 1187 696 1229 700; x_wconf 97' lang='lat'><strong>—</strong></span> <span class='ocrx_word' id='word_1_76' title='bbox 1263 674 1389 713; x_wconf 85' lang='lat' dir='ltr'>dedit.</span> 
     </span>
     <span class='ocr_line' id='line_1_12' title="bbox 303 728 1409 781; baseline 0.004 -14"><span class='ocrx_word' id='word_1_77' title='bbox 303 729 402 767; x_wconf 86' lang='lat' dir='ltr'>Sunt</span> <span class='ocrx_word' id='word_1_78' title='bbox 433 728 563 767; x_wconf 88' lang='lat' dir='ltr'>avidae</span> <span class='ocrx_word' id='word_1_79' title='bbox 595 728 774 767; x_wconf 91' lang='lat' dir='ltr'>volucres</span> <span class='ocrx_word' id='word_1_80' title='bbox 792 759 803 781; x_wconf 86' lang='lat'>‚</span> <span class='ocrx_word' id='word_1_81' title='bbox 835 742 913 768; x_wconf 89' lang='lat' dir='ltr'>non</span> <span class='ocrx_word' id='word_1_82' title='bbox 945 742 1043 780; x_wconf 87' lang='lat' dir='ltr'>quae</span> <span class='ocrx_word' id='word_1_83' title='bbox 1074 730 1234 770; x_wconf 83' lang='lat' dir='ltr'>Phineia</span> <span class='ocrx_word' id='word_1_84' title='bbox 1266 735 1409 771; x_wconf 89' lang='lat' dir='ltr'>mensis</span> 
     </span>
     <span class='ocr_line' id='line_1_13' title="bbox 359 786 1403 839; baseline 0.005 -15"><span class='ocrx_word' id='word_1_85' title='bbox 359 786 525 825; x_wconf 81' lang='lat' dir='ltr'>Guttura</span> <span class='ocrx_word' id='word_1_86' title='bbox 556 786 816 839; x_wconf 82' lang='lat' dir='ltr'>fraudabant,</span> <span class='ocrx_word' id='word_1_87' title='bbox 847 787 914 826; x_wconf 91' lang='lat' dir='ltr'>sed</span> <span class='ocrx_word' id='word_1_88' title='bbox 946 800 1069 839; x_wconf 85' lang='lat' dir='ltr'>genus</span> <span class='ocrx_word' id='word_1_89' title='bbox 1100 789 1189 828; x_wconf 88' lang='lat' dir='ltr'>inde</span> <span class='ocrx_word' id='word_1_90' title='bbox 1220 790 1403 829; x_wconf 90' lang='lat' dir='ltr'>trahunt:</span> 
     </span>
     <span class='ocr_line' id='line_1_14' title="bbox 301 845 1453 899; baseline 0.004 -17"><span class='ocrx_word' id='word_1_91' title='bbox 301 845 454 883; x_wconf 86' lang='lat' dir='ltr'>Grande</span> <span class='ocrx_word' id='word_1_92' title='bbox 487 851 630 896; x_wconf 88' lang='lat' dir='ltr'>caput,</span> <span class='ocrx_word' id='word_1_93' title='bbox 663 851 809 884; x_wconf 88' lang='lat' dir='ltr'>stantes</span> <span class='ocrx_word' id='word_1_94' title='bbox 842 845 972 897; x_wconf 89' lang='lat' dir='ltr'>oculi,</span> <span class='ocrx_word' id='word_1_95' title='bbox 1005 852 1133 886; x_wconf 88' lang='lat' dir='ltr'>rostra</span> <span class='ocrx_word' id='word_1_96' title='bbox 1164 853 1252 898; x_wconf 90' lang='lat' dir='ltr'>apta</span> <span class='ocrx_word' id='word_1_97' title='bbox 1282 850 1453 899; x_wconf 83' lang='lat' dir='ltr'>rapiniS‚</span> 
     </span>
     <span class='ocr_line' id='line_1_15' title="bbox 360 902 1269 954; baseline 0.004 -14"><span class='ocrx_word' id='word_1_98' title='bbox 360 902 528 941; x_wconf 88' lang='lat' dir='ltr'>Canities</span> <span class='ocrx_word' id='word_1_99' title='bbox 559 904 716 954; x_wconf 88' lang='lat' dir='ltr'>pinnis,</span> <span class='ocrx_word' id='word_1_100' title='bbox 750 903 944 954; x_wconf 84' lang='lat' dir='ltr'>unguibus</span> <span class='ocrx_word' id='word_1_101' title='bbox 976 904 1112 943; x_wconf 90' lang='lat' dir='ltr'>hamus</span> <span class='ocrx_word' id='word_1_102' title='bbox 1143 907 1269 945; x_wconf 88' lang='lat' dir='ltr'>inest.</span> 
     </span>
     <span class='ocr_line' id='line_1_16' title="bbox 216 960 1449 1014; baseline 0.002 -15"><span class='ocrx_word' id='word_1_103' title='bbox 216 969 280 999; x_wconf 78' lang='lat'>135</span> <span class='ocrx_word' id='word_1_104' title='bbox 301 960 423 999; x_wconf 84' lang='lat' dir='ltr'>Nocte</span> <span class='ocrx_word' id='word_1_105' title='bbox 454 960 611 1012; x_wconf 86' lang='lat' dir='ltr'>volant,</span> <span class='ocrx_word' id='word_1_106' title='bbox 644 972 867 1012; x_wconf 88' lang='lat' dir='ltr'>puerosque</span> <span class='ocrx_word' id='word_1_107' title='bbox 899 967 1039 1011; x_wconf 90' lang='lat' dir='ltr'>petunt</span> <span class='ocrx_word' id='word_1_108' title='bbox 1070 964 1234 1001; x_wconf 88' lang='lat' dir='ltr'>nutricis</span> <span class='ocrx_word' id='word_1_109' title='bbox 1267 968 1449 1014; x_wconf 84' lang='lat' dir='ltr'>egentes,</span> 
     </span>
     <span class='ocr_line' id='line_1_17' title="bbox 359 1018 1189 1070; baseline 0.005 -15"><span class='ocrx_word' id='word_1_110' title='bbox 359 1018 408 1056; x_wconf 90' lang='lat' dir='ltr'>Et</span> <span class='ocrx_word' id='word_1_111' title='bbox 439 1019 573 1056; x_wconf 86' lang='lat' dir='ltr'>vitiant</span> <span class='ocrx_word' id='word_1_112' title='bbox 606 1020 716 1056; x_wconf 88' lang='lat' dir='ltr'>cunis</span> <span class='ocrx_word' id='word_1_113' title='bbox 750 1031 912 1070; x_wconf 87' lang='lat' dir='ltr'>corpora</span> <span class='ocrx_word' id='word_1_114' title='bbox 944 1026 1053 1070; x_wconf 84' lang='lat' dir='ltr'>rapta</span> <span class='ocrx_word' id='word_1_115' title='bbox 1085 1022 1189 1059; x_wconf 89' lang='lat' dir='ltr'>suis.</span> 
     </span>
     <span class='ocr_line' id='line_1_18' title="bbox 302 1075 1273 1129; baseline 0.002 -15"><span class='ocrx_word' id='word_1_116' title='bbox 302 1076 469 1126; x_wconf 85' lang='lat' dir='ltr'>Carpere</span> <span class='ocrx_word' id='word_1_117' title='bbox 502 1075 686 1113; x_wconf 90' lang='lat' dir='ltr'>dicuntur</span> <span class='ocrx_word' id='word_1_118' title='bbox 717 1075 897 1114; x_wconf 87' lang='lat' dir='ltr'>lactentia</span> <span class='ocrx_word' id='word_1_119' title='bbox 928 1078 1076 1115; x_wconf 88' lang='lat' dir='ltr'>viscera</span> <span class='ocrx_word' id='word_1_120' title='bbox 1108 1080 1273 1129; x_wconf 84' lang='lat' dir='ltr'>rostris,</span> 
     </span>
     <span class='ocr_line' id='line_1_19' title="bbox 359 1132 1303 1184; baseline 0.003 -13"><span class='ocrx_word' id='word_1_121' title='bbox 359 1133 408 1171; x_wconf 90' lang='lat' dir='ltr'>Et</span> <span class='ocrx_word' id='word_1_122' title='bbox 438 1132 597 1183; x_wconf 91' lang='lat' dir='ltr'>plenum</span> <span class='ocrx_word' id='word_1_123' title='bbox 628 1138 720 1183; x_wconf 92' lang='lat' dir='ltr'>poto</span> <span class='ocrx_word' id='word_1_124' title='bbox 752 1135 939 1184; x_wconf 83' lang='lat' dir='ltr'>sanguine</span> <span class='ocrx_word' id='word_1_125' title='bbox 971 1141 1106 1184; x_wconf 88' lang='lat' dir='ltr'>guttur</span> <span class='ocrx_word' id='word_1_126' title='bbox 1137 1135 1303 1174; x_wconf 90' lang='lat' dir='ltr'>habent.</span> 
     </span>
     <span class='ocr_line' id='line_1_20' title="bbox 301 1190 1343 1243; baseline 0.003 -13"><span class='ocrx_word' id='word_1_127' title='bbox 301 1191 371 1230; x_wconf 89' lang='lat' dir='ltr'>Est</span> <span class='ocrx_word' id='word_1_128' title='bbox 400 1191 475 1229; x_wconf 92' lang='lat' dir='ltr'>illis</span> <span class='ocrx_word' id='word_1_129' title='bbox 508 1190 694 1241; x_wconf 82' lang='lat' dir='ltr'>strigibus</span> <span class='ocrx_word' id='word_1_130' title='bbox 725 1203 896 1243; x_wconf 82' lang='lat' dir='ltr'>nomen3</span> <span class='ocrx_word' id='word_1_131' title='bbox 929 1192 996 1231; x_wconf 91' lang='lat' dir='ltr'>sed</span> <span class='ocrx_word' id='word_1_132' title='bbox 1028 1194 1196 1231; x_wconf 90' lang='lat' dir='ltr'>nominis</span> <span class='ocrx_word' id='word_1_133' title='bbox 1228 1194 1343 1233; x_wconf 90' lang='lat' dir='ltr'>huius</span> 
     </span>
     <span class='ocr_line' id='line_1_21' title="bbox 216 1248 1442 1300; baseline 0.002 -12"><span class='ocrx_word' id='word_1_134' title='bbox 216 1258 281 1289; x_wconf 83' lang='lat'>140</span> <span class='ocrx_word' id='word_1_135' title='bbox 360 1249 512 1300; x_wconf 83' lang='lat' dir='ltr'>Causa,</span> <span class='ocrx_word' id='word_1_136' title='bbox 545 1248 647 1300; x_wconf 88' lang='lat' dir='ltr'>quod</span> <span class='ocrx_word' id='word_1_137' title='bbox 679 1249 918 1288; x_wconf 87' lang='lat' dir='ltr'>horrendum</span> <span class='ocrx_word' id='word_1_138' title='bbox 950 1250 1115 1289; x_wconf 89' lang='lat' dir='ltr'>stridere</span> <span class='ocrx_word' id='word_1_139' title='bbox 1148 1257 1262 1291; x_wconf 86' lang='lat' dir='ltr'>nocte</span> <span class='ocrx_word' id='word_1_140' title='bbox 1295 1252 1442 1291; x_wconf 90' lang='lat' dir='ltr'>solent.</span> 
     </span>
     <span class='ocr_line' id='line_1_22' title="bbox 302 1307 1390 1362; baseline 0.003 -16"><span class='ocrx_word' id='word_1_141' title='bbox 302 1307 389 1346; x_wconf 81' lang='lat' dir='ltr'>Sive</span> <span class='ocrx_word' id='word_1_142' title='bbox 421 1309 540 1357; x_wconf 84' lang='lat' dir='ltr'>igitur</span> <span class='ocrx_word' id='word_1_143' title='bbox 572 1313 786 1346; x_wconf 91' lang='lat' dir='ltr'>nascuntur</span> <span class='ocrx_word' id='word_1_144' title='bbox 819 1320 906 1346; x_wconf 90' lang='lat' dir='ltr'>aves</span> <span class='ocrx_word' id='word_1_145' title='bbox 925 1339 935 1359; x_wconf 88' lang='lat'>‚</span> <span class='ocrx_word' id='word_1_146' title='bbox 967 1321 1037 1347; x_wconf 90' lang='lat' dir='ltr'>seu</span> <span class='ocrx_word' id='word_1_147' title='bbox 1070 1311 1240 1348; x_wconf 87' lang='lat' dir='ltr'>carmine</span> <span class='ocrx_word' id='word_1_148' title='bbox 1271 1311 1390 1362; x_wconf 85' lang='lat' dir='ltr'>fiunt,</span> 
     </span>
     <span class='ocr_line' id='line_1_23' title="bbox 358 1364 1342 1417; baseline 0.005 -14"><span class='ocrx_word' id='word_1_149' title='bbox 358 1364 581 1416; x_wconf 88' lang='lat' dir='ltr'>Naeniaque</span> <span class='ocrx_word' id='word_1_150' title='bbox 614 1367 653 1403; x_wconf 93' lang='lat' dir='ltr'>in</span> <span class='ocrx_word' id='word_1_151' title='bbox 685 1365 862 1404; x_wconf 88' lang='lat' dir='ltr'>volucres</span> <span class='ocrx_word' id='word_1_152' title='bbox 894 1366 1019 1405; x_wconf 87' lang='lat' dir='ltr'>Marsa</span> <span class='ocrx_word' id='word_1_153' title='bbox 1049 1368 1191 1417; x_wconf 86' lang='lat' dir='ltr'>figurat</span> <span class='ocrx_word' id='word_1_154' title='bbox 1222 1380 1342 1408; x_wconf 88' lang='lat' dir='ltr'>anus:</span> 
     </span>
     <span class='ocr_line' id='line_1_24' title="bbox 300 1423 1450 1466; baseline 0.004 -5"><span class='ocrx_word' id='word_1_155' title='bbox 300 1423 343 1462; x_wconf 92' lang='lat' dir='ltr'>ln</span> <span class='ocrx_word' id='word_1_156' title='bbox 376 1423 563 1461; x_wconf 86' lang='lat' dir='ltr'>thalamos</span> <span class='ocrx_word' id='word_1_157' title='bbox 594 1435 737 1462; x_wconf 90' lang='lat' dir='ltr'>venere</span> <span class='ocrx_word' id='word_1_158' title='bbox 768 1423 942 1463; x_wconf 88' lang='lat' dir='ltr'>Procae.</span> <span class='ocrx_word' id='word_1_159' title='bbox 998 1424 1121 1464; x_wconf 90' lang='lat' dir='ltr'>Proca</span> <span class='ocrx_word' id='word_1_160' title='bbox 1152 1432 1265 1465; x_wconf 90' lang='lat' dir='ltr'>natus</span> <span class='ocrx_word' id='word_1_161' title='bbox 1301 1428 1340 1465; x_wconf 92' lang='lat' dir='ltr'>in</span> <span class='ocrx_word' id='word_1_162' title='bbox 1373 1426 1450 1466; x_wconf 90' lang='lat' dir='ltr'>illis</span> 
     </span>
     <span class='ocr_line' id='line_1_25' title="bbox 359 1481 1349 1533; baseline 0.004 -14"><span class='ocrx_word' id='word_1_163' title='bbox 359 1481 506 1520; x_wconf 87' lang='lat' dir='ltr'>Praeda</span> <span class='ocrx_word' id='word_1_164' title='bbox 538 1494 676 1520; x_wconf 90' lang='lat' dir='ltr'>recens</span> <span class='ocrx_word' id='word_1_165' title='bbox 709 1483 834 1521; x_wconf 87' lang='lat' dir='ltr'>avium</span> <span class='ocrx_word' id='word_1_166' title='bbox 868 1484 1039 1533; x_wconf 89' lang='lat' dir='ltr'>quinque</span> <span class='ocrx_word' id='word_1_167' title='bbox 1072 1483 1210 1522; x_wconf 87' lang='lat' dir='ltr'>diebus</span> <span class='ocrx_word' id='word_1_168' title='bbox 1243 1491 1349 1524; x_wconf 86' lang='lat' dir='ltr'>erat:</span> 
     </span>
     <span class='ocr_line' id='line_1_26' title="bbox 215 1539 1323 1593; baseline 0.004 -16"><span class='ocrx_word' id='word_1_169' title='bbox 215 1548 280 1578; x_wconf 84' lang='lat'>145</span> <span class='ocrx_word' id='word_1_170' title='bbox 301 1539 541 1590; x_wconf 84' lang='lat' dir='ltr'>Pectoraque</span> <span class='ocrx_word' id='word_1_171' title='bbox 575 1539 785 1578; x_wconf 83' lang='lat' dir='ltr'>exsorbent</span> <span class='ocrx_word' id='word_1_172' title='bbox 815 1541 934 1579; x_wconf 91' lang='lat' dir='ltr'>avidis</span> <span class='ocrx_word' id='word_1_173' title='bbox 965 1542 1126 1579; x_wconf 87' lang='lat' dir='ltr'>infantia</span> <span class='ocrx_word' id='word_1_174' title='bbox 1157 1542 1323 1593; x_wconf 87' lang='lat' dir='ltr'>linguis:</span> 
     </span>
     <span class='ocr_line' id='line_1_27' title="bbox 359 1597 1211 1650; baseline 0.002 -14"><span class='ocrx_word' id='word_1_175' title='bbox 359 1598 408 1636; x_wconf 86' lang='lat' dir='ltr'>At</span> <span class='ocrx_word' id='word_1_176' title='bbox 438 1609 536 1648; x_wconf 88' lang='lat' dir='ltr'>puer</span> <span class='ocrx_word' id='word_1_177' title='bbox 567 1597 700 1636; x_wconf 81' lang='lat' dir='ltr'>infelix</span> <span class='ocrx_word' id='word_1_178' title='bbox 734 1599 834 1648; x_wconf 86' lang='lat' dir='ltr'>vagit</span> <span class='ocrx_word' id='word_1_179' title='bbox 864 1610 1056 1650; x_wconf 89' lang='lat' dir='ltr'>opemque</span> <span class='ocrx_word' id='word_1_180' title='bbox 1088 1601 1211 1650; x_wconf 88' lang='lat' dir='ltr'>petit.</span> 
     </span>
     <span class='ocr_line' id='line_1_28' title="bbox 302 1655 1240 1709; baseline 0.003 -16"><span class='ocrx_word' id='word_1_181' title='bbox 302 1655 455 1694; x_wconf 83' lang='lat' dir='ltr'>Territa</span> <span class='ocrx_word' id='word_1_182' title='bbox 486 1667 578 1694; x_wconf 87' lang='lat' dir='ltr'>voce</span> <span class='ocrx_word' id='word_1_183' title='bbox 612 1657 673 1694; x_wconf 91' lang='lat' dir='ltr'>sui</span> <span class='ocrx_word' id='word_1_184' title='bbox 704 1657 836 1694; x_wconf 83' lang='lat' dir='ltr'>nutrix</span> <span class='ocrx_word' id='word_1_185' title='bbox 868 1658 1039 1695; x_wconf 88' lang='lat' dir='ltr'>accurrit</span> <span class='ocrx_word' id='word_1_186' title='bbox 1070 1657 1240 1709; x_wconf 89' lang='lat' dir='ltr'>alumni,</span> 
     </span>
     <span class='ocr_line' id='line_1_29' title="bbox 359 1712 1234 1766; baseline 0.005 -15"><span class='ocrx_word' id='word_1_187' title='bbox 359 1712 409 1752; x_wconf 92' lang='lat' dir='ltr'>Et</span> <span class='ocrx_word' id='word_1_188' title='bbox 440 1713 564 1764; x_wconf 85' lang='lat' dir='ltr'>rigido</span> <span class='ocrx_word' id='word_1_189' title='bbox 597 1718 723 1752; x_wconf 88' lang='lat' dir='ltr'>sectas</span> <span class='ocrx_word' id='word_1_190' title='bbox 755 1715 902 1752; x_wconf 89' lang='lat' dir='ltr'>invenit</span> <span class='ocrx_word' id='word_1_191' title='bbox 933 1727 1062 1765; x_wconf 84' lang='lat' dir='ltr'>ungue</span> <span class='ocrx_word' id='word_1_192' title='bbox 1095 1728 1234 1766; x_wconf 86' lang='lat' dir='ltr'>genas.</span> 
     </span>
     <span class='ocr_line' id='line_1_30' title="bbox 303 1769 1510 1825; baseline 0.004 -16"><span class='ocrx_word' id='word_1_193' title='bbox 303 1771 403 1816; x_wconf 89' lang='lat' dir='ltr'>Quid</span> <span class='ocrx_word' id='word_1_194' title='bbox 435 1769 622 1811; x_wconf 79' lang='lat' dir='ltr'>faceret?</span> <span class='ocrx_word' id='word_1_195' title='bbox 665 1771 772 1810; x_wconf 90' lang='lat' dir='ltr'>color</span> <span class='ocrx_word' id='word_1_196' title='bbox 803 1773 881 1810; x_wconf 87' lang='lat' dir='ltr'>oris</span> <span class='ocrx_word' id='word_1_197' title='bbox 921 1778 1033 1825; x_wconf 83' lang='lat' dir='ltr'>erat,</span> <span class='ocrx_word' id='word_1_198' title='bbox 1072 1775 1138 1824; x_wconf 90' lang='lat' dir='ltr'>qui</span> <span class='ocrx_word' id='word_1_199' title='bbox 1177 1773 1381 1813; x_wconf 87' lang='lat' dir='ltr'>frondibus</span> <span class='ocrx_word' id='word_1_200' title='bbox 1419 1774 1510 1814; x_wconf 92' lang='lat' dir='ltr'>olim</span> 
     </span>
     <span class='ocr_line' id='line_1_31' title="bbox 217 1829 1334 1881; baseline 0.004 -14"><span class='ocrx_word' id='word_1_201' title='bbox 217 1838 281 1868; x_wconf 84' lang='lat'>150</span> <span class='ocrx_word' id='word_1_202' title='bbox 361 1829 458 1867; x_wconf 90' lang='lat' dir='ltr'>Esse</span> <span class='ocrx_word' id='word_1_203' title='bbox 492 1829 591 1869; x_wconf 92' lang='lat' dir='ltr'>solet</span> <span class='ocrx_word' id='word_1_204' title='bbox 622 1831 721 1868; x_wconf 90' lang='lat' dir='ltr'>seris</span> <span class='ocrx_word' id='word_1_205' title='bbox 743 1861 754 1881; x_wconf 88' lang='lat'>‚</span> <span class='ocrx_word' id='word_1_206' title='bbox 786 1842 881 1881; x_wconf 92' lang='lat' dir='ltr'>quas</span> <span class='ocrx_word' id='word_1_207' title='bbox 913 1843 1011 1869; x_wconf 91' lang='lat' dir='ltr'>nova</span> <span class='ocrx_word' id='word_1_208' title='bbox 1043 1830 1154 1871; x_wconf 88' lang='lat' dir='ltr'>laesit</span> <span class='ocrx_word' id='word_1_209' title='bbox 1186 1832 1334 1871; x_wconf 88' lang='lat' dir='ltr'>hiems.</span> 
     </span>
     <span class='ocr_line' id='line_1_32' title="bbox 301 1887 1510 1939; baseline 0.003 -14"><span class='ocrx_word' id='word_1_210' title='bbox 301 1887 483 1926; x_wconf 89' lang='lat' dir='ltr'>Pervenit</span> <span class='ocrx_word' id='word_1_211' title='bbox 514 1888 561 1927; x_wconf 92' lang='lat' dir='ltr'>ad</span> <span class='ocrx_word' id='word_1_212' title='bbox 593 1887 767 1927; x_wconf 88' lang='lat' dir='ltr'>Cranaen</span> <span class='ocrx_word' id='word_1_213' title='bbox 786 1919 797 1939; x_wconf 87' lang='lat'>‚</span> <span class='ocrx_word' id='word_1_214' title='bbox 830 1893 868 1927; x_wconf 89' lang='lat' dir='ltr'>et</span> <span class='ocrx_word' id='word_1_215' title='bbox 899 1901 983 1927; x_wconf 90' lang='lat' dir='ltr'>rem</span> <span class='ocrx_word' id='word_1_216' title='bbox 1015 1889 1158 1928; x_wconf 90' lang='lat' dir='ltr'>docet.</span> <span class='ocrx_word' id='word_1_217' title='bbox 1212 1890 1276 1929; x_wconf 88' lang='lat' dir='ltr'>illa</span> <span class='ocrx_word' id='word_1_218' title='bbox 1308 1888 1510 1929; x_wconf 65' lang='lat' dir='ltr'>‘timorem</span> 
     </span>
     <span class='ocr_line' id='line_1_33' title="bbox 359 1943 1335 1997; baseline 0.004 -14"><span class='ocrx_word' id='word_1_219' title='bbox 359 1944 493 1984; x_wconf 80' lang='lat' dir='ltr'>Pone!</span> <span class='ocrx_word' id='word_1_220' title='bbox 537 1951 629 1985; x_wconf 90' lang='lat' dir='ltr'>tuus</span> <span class='ocrx_word' id='word_1_221' title='bbox 661 1943 818 1997; x_wconf 84' lang='lat' dir='ltr'>sospes&#39;</span> <span class='ocrx_word' id='word_1_222' title='bbox 852 1946 948 1986; x_wconf 83' lang='lat' dir='ltr'>dixit</span> <span class='ocrx_word' id='word_1_223' title='bbox 980 1944 1180 1987; x_wconf 70' lang='lat' dir='ltr'>‘alumnus</span> <span class='ocrx_word' id='word_1_224' title='bbox 1212 1945 1335 1987; x_wconf 89' lang='lat' dir='ltr'>erit.&#39;</span> 
     </span>
     <span class='ocr_line' id='line_1_34' title="bbox 301 2003 1394 2057; baseline 0.005 -17"><span class='ocrx_word' id='word_1_225' title='bbox 301 2003 468 2042; x_wconf 84' lang='lat' dir='ltr'>Venerat</span> <span class='ocrx_word' id='word_1_226' title='bbox 500 2004 545 2043; x_wconf 89' lang='lat' dir='ltr'>ad</span> <span class='ocrx_word' id='word_1_227' title='bbox 579 2016 729 2044; x_wconf 88' lang='lat' dir='ltr'>cunas:</span> <span class='ocrx_word' id='word_1_228' title='bbox 772 2003 917 2044; x_wconf 84' lang='lat' dir='ltr'>flebant</span> <span class='ocrx_word' id='word_1_229' title='bbox 948 2012 1150 2056; x_wconf 89' lang='lat' dir='ltr'>materque</span> <span class='ocrx_word' id='word_1_230' title='bbox 1182 2012 1394 2057; x_wconf 88' lang='lat' dir='ltr'>paterque:</span> 
     </span>
     <span class='ocr_line' id='line_1_35' title="bbox 362 2059 1348 2114; baseline 0.003 -14"><span class='ocrx_word' id='word_1_231' title='bbox 362 2059 519 2100; x_wconf 73' lang='lat' dir='ltr'>‘Sistite</span> <span class='ocrx_word' id='word_1_232' title='bbox 551 2074 619 2101; x_wconf 92' lang='lat' dir='ltr'>vos</span> <span class='ocrx_word' id='word_1_233' title='bbox 650 2062 827 2101; x_wconf 87' lang='lat' dir='ltr'>lacrimas</span> <span class='ocrx_word' id='word_1_234' title='bbox 846 2094 857 2114; x_wconf 89' lang='lat'>‚</span> <span class='ocrx_word' id='word_1_235' title='bbox 888 2065 970 2114; x_wconf 90' lang='lat' dir='ltr'>ipsa</span> <span class='ocrx_word' id='word_1_236' title='bbox 1002 2063 1187 2102; x_wconf 87' lang='lat' dir='ltr'>medebor</span> <span class='ocrx_word' id='word_1_237' title='bbox 1207 2061 1237 2103; x_wconf 79' lang='lat'>1²</span> <span class='ocrx_word' id='word_1_238' title='bbox 1271 2066 1348 2104; x_wconf 87' lang='lat' dir='ltr'>ait.</span> 
     </span>
     <span class='ocr_line' id='line_1_36' title="bbox 217 2119 1329 2174; baseline 0.004 -17"><span class='ocrx_word' id='word_1_239' title='bbox 217 2127 282 2158; x_wconf 87' lang='lat'>155</span> <span class='ocrx_word' id='word_1_240' title='bbox 303 2119 487 2158; x_wconf 87' lang='lat' dir='ltr'>Protinus</span> <span class='ocrx_word' id='word_1_241' title='bbox 520 2120 680 2160; x_wconf 87' lang='lat' dir='ltr'>arbutea</span> <span class='ocrx_word' id='word_1_242' title='bbox 711 2126 843 2171; x_wconf 90' lang='lat' dir='ltr'>postes</span> <span class='ocrx_word' id='word_1_243' title='bbox 876 2127 936 2159; x_wconf 90' lang='lat' dir='ltr'>ter</span> <span class='ocrx_word' id='word_1_244' title='bbox 967 2123 1007 2160; x_wconf 92' lang='lat' dir='ltr'>in</span> <span class='ocrx_word' id='word_1_245' title='bbox 1039 2121 1174 2160; x_wconf 88' lang='lat' dir='ltr'>ordine</span> <span class='ocrx_word' id='word_1_246' title='bbox 1207 2124 1329 2174; x_wconf 88' lang='lat' dir='ltr'>tangit</span> 
     </span>
     <span class='ocr_line' id='line_1_37' title="bbox 360 2177 1322 2232; baseline 0.004 -17"><span class='ocrx_word' id='word_1_247' title='bbox 360 2177 513 2216; x_wconf 89' lang='lat' dir='ltr'>Fronde</span> <span class='ocrx_word' id='word_1_248' title='bbox 532 2209 543 2230; x_wconf 84' lang='lat'><em>‚</em></span> <span class='ocrx_word' id='word_1_249' title='bbox 575 2185 635 2218; x_wconf 89' lang='lat' dir='ltr'>ter</span> <span class='ocrx_word' id='word_1_250' title='bbox 667 2178 828 2218; x_wconf 89' lang='lat' dir='ltr'>arbutea</span> <span class='ocrx_word' id='word_1_251' title='bbox 859 2179 990 2217; x_wconf 90' lang='lat' dir='ltr'>limina</span> <span class='ocrx_word' id='word_1_252' title='bbox 1022 2180 1160 2219; x_wconf 88' lang='lat' dir='ltr'>fronde</span> <span class='ocrx_word' id='word_1_253' title='bbox 1192 2187 1322 2232; x_wconf 88' lang='lat' dir='ltr'>notat,</span> 
     </span>
     <span class='ocr_line' id='line_1_38' title="bbox 304 2234 1507 2289; baseline 0.004 -16"><span class='ocrx_word' id='word_1_254' title='bbox 304 2234 458 2287; x_wconf 86' lang='lat' dir='ltr'>Spargit</span> <span class='ocrx_word' id='word_1_255' title='bbox 479 2238 588 2288; x_wconf 89' lang='lat' dir='ltr'>aquis</span> <span class='ocrx_word' id='word_1_256' title='bbox 603 2237 730 2276; x_wconf 89' lang='lat' dir='ltr'>aditus</span> <span class='ocrx_word' id='word_1_257' title='bbox 747 2259 787 2264; x_wconf 95' lang='lat'>—</span> <span class='ocrx_word' id='word_1_258' title='bbox 805 2243 843 2276; x_wconf 92' lang='lat' dir='ltr'>et</span> <span class='ocrx_word' id='word_1_259' title='bbox 865 2249 985 2289; x_wconf 89' lang='lat' dir='ltr'>aquae</span> <span class='ocrx_word' id='word_1_260' title='bbox 1000 2238 1241 2278; x_wconf 90' lang='lat' dir='ltr'>medicamen</span> <span class='ocrx_word' id='word_1_261' title='bbox 1260 2238 1454 2278; x_wconf 89' lang='lat' dir='ltr'>habebant</span> <span class='ocrx_word' id='word_1_262' title='bbox 1469 2260 1507 2264; x_wconf 89' lang='lat'><em>-</em></span> 
     </span>
    </p>
   </div>
  </div>
 </body>
</html>
