1575 2489
553 48 611 81 IV.
639 50 835 81 561—628.
1281 46 1360 87 301

149 155 322 207 luppiter
353 156 453 195 hanc
485 156 610 208 lenit,
642 156 864 207 factumque
898 162 1059 195 excusat
1090 167 1246 206 amore,

206 212 306 253 ‘Nec
339 226 459 264 gener
491 221 552 254 est
582 213 695 253 nobis
726 214 790 253 ille
822 211 1050 265 pudendus'
1083 215 1159 253 ait.

147 269 253 311 ‘Non
286 285 357 323 ego
389 272 586 312 nobilior:
631 274 757 324 posita
789 278 849 311 est
881 272 976 311 mihi
1007 274 1114 323 regia
1146 271 1278 317 caelo„

58 339 125 370 600
204 331 384 370 Possidet
415 331 512 370 alter
544 343 692 383 aquas,
725 331 821 370 alter
853 332 966 369 inane
1000 331 1140 370 chaos.

148 389 224 428 Sed
256 391 289 428 si
321 390 420 429 sorte
453 389 524 428 tibi
556 402 634 428 non
666 395 726 428 est
757 389 941 428 mutabile
974 396 1135 440 peetus,

206 447 396 500 Statque,
429 448 550 487 semel
580 450 704 487 iuncti
735 460 919 499 rumpere
952 448 1076 486 vincla
1108 448 1208 497 tori,

146 506 227 545 Hoc
260 519 416 558 quoque
450 512 686 558 temptemus
705 539 716 559 ‚
748 507 942 558 siquidem
972 508 1103 546 ieiuna
1135 506 1346 557 remansit3

205 564 246 603 Si
278 567 435 616 minus,
468 566 611 604 inferni
643 567 821 616 coniugis
854 577 952 604 uxor
985 562 1105 604 erit.'

56 631 124 662 605
145 623 307 662 Tartara
339 625 470 663 iussus
502 625 581 662 adit
614 626 779 675 sumptis
812 623 1017 663 Caducifer
1049 623 1142 675 alis,

204 681 360 734 Speque
393 682 495 721 redit
527 684 642 721 citius
674 684 833 734 visaque
866 688 972 721 certa
1004 683 1148 721 refert:

146 738 289 792 ‘Rapta
321 738 469 780 tribus'
502 741 600 779 dixit
632 738 767 780 esolvit
798 742 942 780 ieiunia
974 742 1130 792 granis,

203 799 350 838 Punica
383 812 481 850 quae
513 800 618 838 lento
652 801 798 838 cortice
831 811 945 850 poma
977 795 1153 849 tegunt.'

146 858 255 896 [laud
288 870 402 897 secus
435 858 629 909 indoluit,
662 870 778 908 quam
811 860 844 896 si
875 857 990 896 modo
1022 862 1133 908 rapta
1166 856 1326 907 fuisset,

54 925 124 955 610
203 916 348 955 Maesta
379 929 550 968 parens,
586 916 699 967 longa
730 918 871 967 vixque
905 916 1051 954 refecta
1084 927 1191 953 mora
1224 921 1305 953 est.

143 975 269 1026 Atque
301 977 353 1013 ita
387 973 479 1013 ‘nec
513 974 625 1013 nobis
658 974 808 1013 caelum
840 980 899 1013 est
931 974 1139 1013 habitabile
1161 970 1191 1012 !'
1224 973 1321 1012 dixit

205 1031 414 1072 ‘Taenaria
446 1034 570 1084 recipi
601 1045 663 1071 me
696 1045 852 1084 quoque
886 1033 980 1071 valle
1013 1029 1153 1071 iube:’

145 1092 195 1130 Et
227 1092 373 1131 factura
407 1092 509 1144 fuit,
541 1098 679 1142 pactus
711 1093 787 1130 nisi
819 1091 994 1143 Iuppiter
1027 1097 1153 1143 esset,

205 1150 268 1188 Bis
301 1150 428 1189 tribus
461 1157 504 1189 ut
537 1150 642 1188 caelo
675 1149 877 1188 mensibus
909 1149 972 1188 illa
1004 1150 1129 1189 foret.

56 1218 122 1249 615
142 1209 243 1247 'l'uin
276 1209 431 1247 demum
465 1208 689 1259 voltumque
722 1208 841 1247 Ceres
873 1210 1123 1259 animumque
1156 1208 1328 1260 recepit,

204 1267 471 1319 Imposuitque
505 1279 598 1306 suae
631 1268 761 1318 spicea
793 1273 897 1306 serta
930 1279 1087 1306 comae:

147 1327 345 1377 Largaque
379 1327 559 1378 provenit
591 1327 752 1364 cessatis
785 1327 924 1366 messis
956 1327 996 1364 in
1028 1327 1153 1377 arvis,

203 1384 252 1423 Et
283 1386 344 1423 vix
378 1391 582 1436 congestas
614 1397 703 1423 area
736 1386 839 1435 cepit
871 1397 990 1435 opes.

144 1443 237 1481 Alba
271 1443 412 1483 decent
444 1443 657 1482 Cererem:
701 1445 820 1481 vestis
853 1442 1068 1481 Cerialibus
1100 1442 1205 1481 albas

54 1510 123 1542 620
204 1502 383 1554 Sumite3
417 1514 520 1541 nunc
553 1501 649 1553 pulli
683 1501 835 1540 velleris
868 1513 963 1540 usus
997 1501 1130 1540 abest.

441 1606 506 1646 13.
540 1604 577 1645 G
602 1603 806 1646 EID-N2
826 1617 955 1646 LVDI

144 1689 320 1740 Occupat
351 1689 492 1740 Aprilis
525 1688 616 1727 Idus
650 1691 881 1740 cognomine
914 1689 1047 1728 Victor

202 1748 378 1799 Iuppiter
398 1778 406 1786 .
462 1747 534 1786 hac
566 1747 622 1786 illi
653 1754 745 1787 sunt
777 1748 864 1786 data
896 1747 1041 1799 templa
1073 1747 1158 1786 die.

145 1806 224 1845 Ilac
257 1818 441 1858 quoque,
474 1807 514 1844 ni
547 1806 684 1857 fallor,
717 1806 860 1857 populo
894 1806 1120 1857 dignissima
1153 1810 1287 1845 nostre

203 1866 310 1904 Atria
342 1864 520 1904 Libertas
553 1866 682 1916 coepit
714 1864 857 1903 habere
891 1877 982 1904 sua.

531 1968 596 2009 14.
627 1966 865 2008 HNLvm

56 2061 124 2092 625
146 2052 250 2092 Luce
284 2058 467 2091 secutura
500 2058 605 2091 tutos
638 2058 727 2103 pete
748 2083 758 2103 ‚
791 2053 917 2091 navita
937 2083 947 2103 ‚
980 2057 1142 2103 portus:

202 2110 349 2150 Ventus
382 2110 428 2149 ab
461 2123 602 2150 occasu
635 2111 822 2162 grandine
855 2112 1000 2149 mixtus
1032 2112 1129 2150 erit.

146 2169 304 2209 Scilicet
335 2175 378 2208 ut
410 2170 557 2221 suerit,
590 2176 719 2208 tamen
751 2169 823 2208 hac
849 2169 1085 2209 Mutinensia
1118 2168 1258 2209 Caesar

204 2227 399 2267 Grandine
432 2228 567 2267 militia
599 2228 767 2280 perculit
800 2240 905 2267 arma
938 2240 1030 2268 sua.
