1575 2489
571 78 600 114 Ι.
627 81 822 113 317-386.
1280 78 1364 119 223

151 186 246 225 Nam
279 191 359 225 sata
390 197 480 224 vere
513 198 611 225 novo
644 188 791 226 teneris
823 186 1003 226 lactentia
1036 189 1140 226 sucis

210 244 330 282 Eruta
364 245 575 294 saetigerae
609 246 800 296 comperit
831 257 898 283 ore
932 247 1036 283 suis.

152 302 226 341 Sus
259 301 418 340 dederat
448 314 623 352 poenas:
667 303 842 353 exemplo
875 305 1037 342 territus
1070 303 1187 342 huius

207 360 368 398 Palmite
401 359 592 398 debueras
625 360 859 400 abstinuisse
878 392 889 413 ,
921 373 1059 412 caper.

64 427 129 458 355
152 418 275 464 Quem
308 422 487 468 spectans
520 418 659 469 aliquis
691 419 827 458 dentes
859 421 898 457 in
932 421 1006 458 vite
1039 425 1306 473 prementem,

210 476 314 514 Talia
346 487 423 514 non
455 477 572 514 tacito
605 476 706 515 dicta
738 477 870 516 dolore
903 477 1031 517 dedit:

152 532 281 572 “Rode
301 564 312 586 ,
345 545 460 585 caper
479 564 490 586 ,
522 534 667 574 vitem!
712 540 840 574 tamen
871 535 962 575 hinc
981 567 992 588 ,
1025 548 1114 575 curn
1146 536 1266 575 stabis

874 595 920 633 ad
952 606 1055 633 aram
1073 626 1084 646 ,

207 649 251 689 Iu
285 656 349 689 tua
383 650 485 702 quod
519 653 648 703 spargi
679 664 824 691 cornua
856 654 1007 704 possit,
1041 649 1160 691 erit.'

149 707 273 747 Verba
305 708 400 748 fides
432 711 640 759 sequitur:
684 722 806 748 noxae
838 710 909 749 tibi
941 710 1096 749 deditus
1127 710 1251 750 hostis

62 774 129 806 360
210 767 415 818 Spargitur
447 768 582 806 adfuso
615 780 760 806 cornua
779 799 790 820 ,
822 767 971 806 Bacche
990 800 1001 820 ,
1034 780 1164 807 mero.

150 824 269 876 Culpa
302 827 363 864 sui
394 827 557 877 nocuit,
590 827 725 864 nocuit
757 838 911 877 quoque
945 826 1057 877 culpa
1090 826 1281 877 capellae:

207 882 307 928 Quid
339 883 438 934 bos,
471 883 562 934 quid
594 884 767 934 placidae
800 885 1087 923 commeruistis
1121 883 1246 924 oves‘?

147 940 282 980 Flebat
312 941 542 993 Aristaeus,
575 942 677 992 quod
711 954 803 993 apes
835 955 924 981 cum
957 944 1078 994 stirpe
1112 948 1267 982 necatas

207 998 365 1038 Viderat
396 1001 574 1050 inceptos
607 1000 832 1039 destituisse
865 1001 993 1040 savos.

60 1064 126 1096 365
148 1056 309 1096 Caerula
343 1070 458 1108 quem
490 1059 668 1109 genetrix
701 1071 814 1109 aegre
847 1058 966 1098 solata
999 1058 1217 1113 dolentem,

206 1115 364 1154 Addidit
394 1115 490 1155 haec
522 1116 636 1155 dictis
668 1117 804 1155 ultima
834 1117 950 1156 verba
984 1119 1088 1156 suis:

150 1171 272 1212 ‘Siste
291 1204 302 1226 ,
334 1186 461 1226 puer,
493 1173 694 1213 lacrimas!
737 1175 903 1214 Proteus
935 1181 1001 1214 tua
1031 1176 1168 1215 damna
1200 1176 1340 1216 levabit

207 1232 370 1282 Quoque
402 1232 515 1270 modo
548 1244 707 1283 repares
739 1245 836 1283 quae
869 1235 1022 1283 periere
1042 1266 1052 1285 ,
1085 1234 1216 1274 dabit.

148 1289 323 1341 Decipiat
354 1302 402 1329 ne
436 1297 473 1329 te
505 1293 628 1329 versis
661 1296 789 1330 tamen
821 1291 884 1330 ille
917 1293 1076 1344 figuris,

61 1356 128 1387 370
208 1348 423 1399 Impediant
454 1350 626 1399 geminas
659 1349 811 1388 vincula
843 1350 953 1388 firma
984 1347 1168 1389 manus.'

146 1407 330 1445 Pervenit
362 1407 407 1445 ad
439 1412 564 1445 vatem
596 1409 748 1446 iuvenis
767 1439 777 1459 ,
809 1408 1058 1459 resolutaque
1092 1421 1226 1448 somno

204 1465 342 1515 Alligat
374 1466 559 1516 aequorei
590 1465 747 1504 brachia
781 1472 890 1516 capta
923 1469 1049 1505 senis.

147 1523 212 1561 Ille
245 1535 312 1562 sua
345 1524 482 1561 faciem
514 1524 759 1562 transformis
791 1524 984 1563 adulterat
1015 1530 1120 1564 arte:

204 1581 291 1620 Mox
324 1581 494 1620 domitus
526 1581 663 1621 v1nclis
694 1584 735 1620 in
767 1595 835 1621 sua
868 1582 1041 1621 membra
1073 1583 1199 1636 redit,

59 1648 126 1679 375
148 1639 302 1690 Oraque
335 1640 512 1679 caerulea
544 1639 685 1679 tollens
717 1642 888 1679 rorantia
920 1641 1061 1693 barba,

207 1695 331 1743 ‘Qua'
365 1698 461 1736 dixit
492 1695 672 1749 ‘repares
704 1704 815 1751 arte,
847 1701 1045 1752 requiris,
1078 1698 1205 1751 apes?

146 1756 277 1795 Obrue
309 1758 465 1795 mactati
497 1769 639 1807 corpus
672 1757 811 1796 tellure
843 1759 1020 1797 iuvenci:

205 1814 315 1860 Quod
348 1816 449 1865 petis
482 1827 502 1853 a
534 1814 645 1853 nobis
664 1847 675 1867 ,
707 1815 871 1854 obrutus
902 1816 966 1854 ille
999 1812 1150 1855 dabit.'

145 1873 254 1912 Iussa
286 1874 377 1911 facit
407 1878 567 1924 pastor.
624 1874 776 1912 fervent
808 1876 981 1912 examina
1012 1876 1120 1925 putri

58 1939 124 1971 380
202 1931 256 1970 De
288 1931 415 1970 bove:
458 1931 561 1970 mille
594 1933 739 1969 animas
772 1944 848 1970 una
880 1938 1014 1971 necata
1048 1933 1176 1971 dedit.

143 1990 274 2028 Poscit
305 2002 415 2028 ovem
448 1990 600 2029 fatum:
643 1990 832 2028 verbenas
864 1990 1040 2041 improba
1072 1992 1240 2044 carpsit,

203 2048 306 2094 Quas
338 2050 400 2099 pia
432 2048 490 2086 dis
522 2049 626 2087 ruris
659 2049 762 2087 serre
796 2048 941 2088 solebat
974 2061 1092 2087 anus.

144 2106 243 2151 Quid
276 2108 350 2145 tuti
382 2112 590 2158 superest,
622 2108 788 2145 animam
820 2119 909 2145 cum
940 2112 1059 2158 ponat
1090 2109 1129 2146 in
1162 2109 1240 2146 aris

202 2164 515 2216 Lanigerumque
547 2177 669 2216 pecus
700 2165 971 2216 ruricolaeque
1004 2163 1156 2204 boves?

58 2230 123 2262 385
144 2223 274 2262 Placat
305 2236 406 2274 equo
438 2223 568 2262 Persis
600 2224 718 2262 radiis
750 2223 970 2275 Hyperiona
1004 2226 1198 2276 cinctum,

201 2281 256 2321 Ne
290 2281 405 2321 detur
436 2281 555 2321 celeri
587 2283 740 2321 victima
771 2282 881 2322 tarda
913 2282 1008 2323 deo.

1351 1209 1362 1230 7
