1575 2489
522 76 549 108 1.
576 83 602 108 v
624 77 758 109 75—V1
778 77 832 108 54.
1254 75 1338 117 135

179 182 388 222 Scribere.
438 184 597 221 tractari
629 182 789 221 vulnera
820 188 954 221 nostra
985 185 1146 224 timent.

119 241 401 291 Qualicumque
435 240 548 278 modo
581 241 675 279 mihi
707 242 785 279 sint
818 253 860 279 ea
893 242 990 280 sacta
1009 273 1019 293 ,
1052 254 1189 293 rogare

178 299 346 337 Desine.
397 310 474 336 non
507 299 657 350 agites,
691 301 801 350 siqua
834 301 937 338 coire
971 300 1089 339 velis.

52 364 97 396 25
118 356 312 407 Quidquid
345 356 383 395 id
416 362 503 409 est,
536 363 579 395 ut
612 369 689 395 non
722 359 900 409 facinus,
934 359 988 396 sic
1021 358 1133 409 culpa
1167 358 1337 397 vocanda

843 421 924 454 est.

176 472 311 511 Omnis
344 484 390 511 an
423 474 463 511 in
495 485 654 523 magnos
688 473 799 524 culpa
839 474 932 512 deos
965 474 1092 513 scelus
1125 473 1218 514 est?

118 530 215 582 Spes
247 532 367 581 igitur
399 532 521 569 menti
553 543 729 583 poenae,
763 532 950 570 Graecine
969 564 979 584 ,
1012 532 1193 571 levandae

174 588 259 627 Non
293 594 352 627 est
384 600 430 626 ex
462 595 543 627 toto
576 589 679 628 nulla
713 589 847 628 relicta
881 602 1009 629 meae.

117 646 220 685 Haec
246 647 340 698 dea,
367 659 455 685 cuin
482 647 662 698 sugerent
689 648 896 687 sceleratas
923 649 1082 687 numina
1107 654 1259 701 terraS,
1277 658 1335 690 (23)

51 713 96 744 30
175 705 218 743 ln
251 705 309 743 dis
342 706 465 744 invisa
499 706 577 744 sola
610 708 798 744 remansit
829 707 968 744 humo.

115 762 219 802 Haec
252 764 371 814 facit,
405 770 447 802 ut
473 766 573 802 vivat
605 765 731 803 fossor
759 777 914 815 quoque
942 764 1128 815 compede
1155 766 1333 816 vinctus,

173 820 391 872 Liberaque
425 834 445 860 a
477 822 580 860 ferro
614 834 728 861 crura
760 823 890 861 sutura
922 828 1054 873 putet.

114 878 216 918 Haec
249 880 369 930 facit,
402 886 444 918 ut
464 911 474 931 ,
506 880 633 918 videat
665 892 753 918 cum
785 886 910 918 terras
944 880 1116 931 undique
1149 881 1295 934 nullas,

172 937 391 987 Naufragus
423 940 463 976 in
496 938 634 976 mediis
666 938 823 976 brachia
855 940 972 977 iactet
1004 940 1137 990 aquis.

41 1004 87 1035 35
110 995 232 1046 Saepe
264 995 431 1046 aliquem
464 996 600 1034 sollers
631 997 875 1035 medicorum
907 1009 1000 1035 cura
1033 997 1215 1050 reliquit,

172 1054 251 1093 Nec
284 1066 374 1105 spes
406 1054 496 1092 huic
529 1067 624 1092 vena
658 1055 861 1093 deficiente
896 1056 1020 1094 cadit.

114 1112 278 1151 Carcere
313 1112 497 1151 dicuntur
530 1113 650 1151 clausi
683 1125 840 1163 sperare
874 1113 1061 1165 salutem,

172 1172 298 1221 Atque
331 1170 470 1220 aliquis
503 1171 678 1221 pendens
710 1173 748 1209 in
782 1184 898 1210 cruce
931 1177 1018 1210 vota
1051 1172 1165 1210 facit.

113 1228 216 1267 Haec
249 1228 319 1266 dea
352 1241 467 1279 quam
499 1228 642 1267 multos
675 1229 812 1280 laqueo
847 1242 915 1268 sua
948 1229 1043 1268 colia
1075 1230 1231 1281 ligantis

47 1295 94 1325 40
173 1286 259 1325 Non
292 1292 351 1325 est
383 1289 581 1338 proposita
612 1299 723 1338 passa
757 1289 885 1338 perire
918 1287 1036 1327 nece!

114 1345 172 1383 Me
206 1357 361 1395 quoque
395 1352 598 1383 conantem
631 1346 755 1395 gladio
789 1346 900 1384 finire
934 1346 1106 1385 dolorem

173 1403 338 1454 Argiui,
371 1404 513 1441 iniecta
547 1405 817 1454 continuitque
851 1416 990 1456 manu,

114 1458 325 1512 ‘Quid’que
359 1458 502 1500 ‘facis‘?
544 1461 712 1500 lacrimis
743 1474 840 1513 opus
873 1468 960 1514 est,
993 1474 1070 1500 non
1104 1460 1331 1516 sanguine‚'

839 1520 936 1558 dixit

171 1573 310 1628 ‘Saepe
343 1589 413 1628 per
445 1577 514 1616 has
547 1577 651 1616 ssecti
682 1579 872 1629 principis
904 1580 961 1617 ira
994 1576 1130 1617 solet.'

46 1643 93 1675 45
115 1635 297 1681 Quamvis
330 1642 389 1674 est
421 1637 541 1685 igitur
573 1637 723 1675 meritis
756 1636 927 1675 indebita
960 1639 1128 1689 nostris,

171 1693 304 1744 Magna
337 1701 466 1732 tamen
499 1706 588 1744 spes
622 1700 680 1733 est
712 1696 751 1733 in
783 1695 954 1734 bonitate
988 1695 1072 1733 dei.

114 1751 189 1797 Qui
220 1764 268 1790 ne
301 1751 469 1790 difficilis
501 1752 595 1790 mihi
628 1756 706 1804 sit,
740 1753 956 1805 Graecine,
988 1765 1173 1804 precare,

172 1809 313 1848 Confer
346 1816 385 1848 et
416 1812 455 1848 in
488 1816 618 1848 votum
652 1818 693 1850 tu
728 1823 882 1862 quoque
915 1811 1031 1850 verba
1064 1824 1217 1851 meum.

113 1867 233 1918 Inque
266 1868 468 1906 Tomitana
494 1870 638 1907 iaceam
670 1870 884 1908 tumulatus
916 1870 1082 1922 harena,

47 1934 94 1965 50
173 1926 214 1964 Si
246 1932 283 1965 te
316 1938 393 1964 non
426 1926 537 1965 nobis
570 1929 642 1966 ista
674 1940 813 1966 vovere
845 1928 990 1979 liquet.

113 1984 208 2023 Nam
239 1985 349 2035 prius
380 1986 570 2035 incipient.
600 1988 721 2024 turris
754 1988 873 2025 vitare
909 1986 1133 2039 columbae,

171 2044 290 2081 Antra
323 2043 426 2081 ferae
446 2075 456 2095 ‚
486 2044 656 2094 pecudes
689 2047 888 2096 gramina,
921 2056 1077 2095 mergus
1110 2054 1329 2098 aquas7ffl4)

115 2101 238 2146 Quam
271 2100 366 2139 male
400 2113 441 2140 56
474 2109 646 2152 praestet
678 2105 800 2142 veteri
833 2103 1046 2141 Graecinus
1080 2106 1227 2143 amico„

172 2158 256 2197 Non
287 2160 339 2198 ita
371 2167 461 2199 sunt
494 2160 581 2200 satis
614 2163 740 2200 omnia
773 2173 884 2200 versa
917 2160 1036 2201 meis!
