1575 2489
536 65 583 97 11.
609 72 636 98 v
657 66 809 98 58-V11
831 68 884 98 11.
1295 62 1377 104 155

223 171 286 210 Sic
318 170 388 210 tibi
420 172 499 210 sint
530 171 671 210 fratres
703 177 861 222 totaque
894 171 997 211 salva
1030 172 1192 211 domus:

164 229 353 280 Quodque
386 229 487 268 soles
520 231 646 268 animo
680 242 863 281 semper,
896 230 999 281 quod
1031 242 1123 268 voce
1154 230 1332 281 precari,

222 287 360 326 Omnia
392 286 622 326 Caesaribus
655 289 710 326 sio
742 295 807 327 tua
840 289 938 327 facta
969 287 1135 339 probes.

164 345 294 396 Turpe
327 347 402 384 erit
432 347 472 383 in
504 347 659 384 miseris
690 348 813 385 veteri
844 346 914 385 tibi
945 346 1064 385 rebus
1096 348 1219 384 amieo

100 411 144 442 20
222 403 417 442 Auxilium
450 403 553 442 nulla
586 410 694 454 parte
727 404 863 443 tulisse
897 411 1031 444 tuum:

163 462 293 512 Turpe
325 462 474 500 referre
506 462 674 514 pedem,
706 474 778 501 nec
810 475 927 513 passu
960 469 1062 502 stare
1095 463 1246 501 tenaci:

221 520 352 570 Turpe
382 519 622 558 laborantem
655 520 876 559 deseruisse
908 527 1054 560 ratem.

164 577 311 629 [Turpe
345 579 458 629 sequi
489 589 622 616 casum
655 584 693 617 et
724 579 904 617 fortunae
937 579 1076 617 cedere
1108 575 1298 616 amicum.

220 635 270 674 Et
301 637 377 674 nisi
408 637 459 674 sit
490 636 581 674 felix
601 667 611 687 ‚
643 648 728 675 esse
761 649 904 687 negare
936 648 1052 675 suum
1067 635 1094 686 .]

99 701 141 732 25
162 693 247 732 Non
278 695 332 733 ita
363 695 543 733 vixerunt
578 694 760 745 Strophio
799 701 915 745 atque
948 696 1235 745 Agamemnone
1274 694 1378 745 nati,

220 752 306 791 Non
338 752 433 791 haec
465 752 631 803 Aegidae
663 753 906 803 Pirithoique
938 753 1058 791 fides:

163 810 268 855 Quos
299 812 407 862 prior
440 817 498 849 est
530 812 695 862 mirata,
727 822 895 861 sequens
928 810 1134 848 mirabitur
1166 815 1294 861 aetas,

220 868 264 906 In
296 881 463 919 quorum
494 868 653 920 plausus
686 874 765 907 tota
796 868 947 907 theatra
980 874 1143 907 sonant.

162 926 222 965 Tu
255 939 411 977 quoque
442 939 513 978 per
545 927 687 965 durum
719 932 869 965 servato
903 932 1056 977 tempus
1089 928 1211 965 amico

99 993 143 1024 30
221 984 367 1035 Dignus
400 997 442 1023 es
473 986 513 1023 in
545 986 662 1023 tantis
695 997 837 1023 nomen
868 984 1012 1023 habere
1047 986 1160 1024 viris.

161 1042 308 1094 Dignus
341 1055 406 1094 es,
439 1049 500 1093 et,
533 1044 716 1093 quoniam
742 1043 896 1081 laudem
926 1045 1070 1094 pietate
1103 1043 1290 1095 mereris,
1322 1051 1378 1083 (57)

220 1100 305 1139 Non
338 1103 412 1139 erit
444 1101 562 1140 officii
593 1103 716 1152 gratia
749 1101 866 1140 surda
897 1103 978 1142 tui.

165 1159 287 1198 Crede
320 1159 443 1211 mihi,
476 1166 655 1198 nostrum
687 1161 721 1198 si
752 1172 830 1198 non
862 1161 1024 1198 mortale
1057 1160 1235 1199 futurum
1267 1165 1326 1198 est

222 1217 386 1256 Carmen
405 1249 417 1270 ,
447 1218 488 1256 in
520 1230 587 1256 ore
620 1218 807 1269 frequens
838 1220 1079 1269 posteritatis
1113 1220 1213 1257 eris.

98 1284 142 1315 35
164 1275 238 1314 Fac
271 1276 385 1314 modo
418 1287 645 1327 permaneas
676 1276 806 1327 lasso,
840 1276 1027 1315 Graecine
1047 1308 1058 1329 ‚
1090 1276 1239 1330 fidelis,

222 1334 345 1373 Duret
377 1340 415 1373 et
446 1336 486 1372 in
517 1334 651 1385 longas
682 1335 853 1385 impetus
884 1336 958 1373 iste
992 1347 1143 1374 moras.

163 1392 270 1438 Quae
302 1398 345 1431 tu
377 1404 466 1431 cum
497 1398 702 1444 praestes,
735 1405 842 1431 remo
875 1399 1004 1431 tamen
1036 1399 1127 1432 utor
1158 1395 1199 1432 in
1232 1405 1348 1445 aura,

220 1449 300 1490 Nec
332 1456 448 1490 nocet
480 1450 647 1489 admisso
680 1450 847 1489 subdere
882 1451 1007 1490 calcar
1040 1463 1139 1502 equo
1158 1482 1166 1492 .

659 1577 761 1626 VII.

163 1684 259 1723 Esse
291 1683 498 1723 salutatum
530 1683 612 1723 vult
643 1690 682 1722 te
715 1696 799 1723 mea
830 1684 959 1723 littera
990 1684 1161 1734 primum

221 1743 252 1781 A
283 1743 381 1781 male
413 1744 560 1793 pacatis
579 1773 589 1793 ,
621 1742 746 1781 Attice
766 1774 776 1794 ‚
809 1744 927 1781 missa
959 1742 1090 1781 Getis.

162 1801 343 1840 Proxima
376 1800 630 1851 subsequitur
649 1832 660 1853 ‚
691 1801 784 1852 quid
816 1813 935 1852 agas,
968 1800 1102 1839 audire
1135 1799 1338 1852 voluptas,

221 1859 271 1898 Et
302 1861 363 1910 si,
396 1859 586 1910 quidquid
618 1860 726 1911 agis,
758 1861 808 1898 sit
839 1859 911 1898 tibi
943 1871 1037 1897 cura
1068 1860 1168 1898 mci,

123 1925 144 1956 5
163 1917 242 1956 Nec
274 1917 408 1956 dubito
442 1919 536 1968 quin
568 1919 645 1956 sit.
702 1918 770 1956 sed
809 1930 871 1956 me
911 1923 1041 1956 tumor
1073 1919 1157 1968 ipse
1188 1916 1377 1956 malorum

223 1975 346 2027 Saepe
378 1987 641 2027 supervacuos
673 1977 776 2026 cogit
807 1975 951 2015 habere
983 1981 1111 2014 metus
1130 2006 1138 2014 .

164 2033 217 2072 Da
248 2035 398 2072 veniam
417 2064 428 2086 ‚
461 2046 604 2085 quaeso
624 2064 635 2085 ‚
667 2036 866 2085 nimioque
898 2036 1056 2085 ignosce
1088 2035 1243 2073 timori.

221 2091 464 2143 Tranquillas
497 2094 613 2131 etiam
645 2093 855 2143 naufragus
888 2092 1023 2130 horret
1055 2104 1196 2142 aquas.

165 2149 239 2195 Qui
271 2151 391 2189 semel
423 2157 482 2190 est
512 2151 640 2190 laesus
672 2151 798 2189 fallaci
829 2152 948 2202 piscis
980 2150 1027 2188 ab
1059 2150 1196 2202 hamo,
1253 2200 1256 2202 v

105 2215 146 2246 10
224 2208 414 2248 Omnibus
446 2222 545 2248 unca
577 2209 674 2248 cibis
707 2221 795 2247 aera
828 2208 990 2247 subesse
1022 2214 1154 2260 putat.

166 2266 288 2319 Saepe
320 2279 453 2306 canem
485 2267 598 2317 longe
630 2269 755 2306 visum
788 2267 887 2318 fugit
918 2279 1037 2319 agna,
1069 2266 1282 2319 lupumque
