1601 2484
580 77 608 108 1.
633 84 662 109 x
683 78 819 110 19-XJ
839 77 894 109 35.
1352 72 1405 113 21

698 207 778 254 XI.

189 301 337 340 Littera
369 312 638 353 quaecumque
672 305 732 339 est
763 305 844 339 toto
876 299 948 339 tibi
978 299 1077 338 lecta
1108 298 1265 351 libello,

190 359 262 398 Est
290 359 386 399 mihi
418 359 583 398 sollicito
616 365 791 409 tempore
824 357 924 397 facta
956 359 1050 398 viae.

190 419 267 457 Aut
291 418 386 457 haec
412 431 497 470 me,
523 417 650 468 gelido
676 423 886 455 tremerem
914 428 1002 455 cum
1023 427 1156 455 mense
1183 413 1409 466 Decembri,

193 476 438 515 scribentem
470 477 608 514 mediis
640 475 782 514 Hadria
814 475 910 514 vidit
941 476 1076 525 aquis:

149 542 170 574 5
189 535 295 587 Aut,
320 541 525 586 postquam
552 534 741 572 bimarem
768 546 885 572 cursu
913 533 1183 583 superavimus
1209 532 1382 570 Isthmon
1399 562 1409 582 ,

192 592 402 644 Alteraque
436 599 495 632 est
526 598 683 631 nostrae
716 597 869 643 sumpta
901 592 1031 630 carina
1062 590 1199 641 fugae,

194 651 305 696 Quod
338 652 508 690 facerem
539 663 676 690 versus
707 652 811 689 inter
842 651 924 688 fera
955 660 1157 687 murmura
1187 650 1321 700 ponti,

192 709 375 760 Cycladas
406 710 580 760 Aegaeas
612 709 846 759 obstipuisse
878 712 998 758 puto.

190 767 277 818 Ipse
310 780 380 819 ego
412 780 517 807 nunc
549 768 669 806 miror
700 767 817 805 tantis
849 766 1045 815 animique
1078 765 1274 815 marisque

135 833 176 864 10
197 825 399 864 Fluctibus
431 827 630 876 ingenium
661 836 740 862 non
772 823 960 862 cecidisse
993 835 1146 861 meum.

195 883 272 921 Seu
304 890 442 934 stupor
473 884 564 922 huic
597 882 725 921 studio
743 912 754 933 ,
787 883 868 920 sive
901 886 961 920 est
991 882 1140 919 insania
1172 892 1338 932 nomen,

193 941 328 980 Omnis
361 941 406 979 ab
439 941 511 979 hac
543 953 635 979 cura
668 952 779 978 mens
811 939 979 978 relevata
1010 951 1096 977 mea
1128 945 1211 977 est.

193 999 315 1050 Saepe
349 1011 419 1050 ego
451 999 640 1037 nimbosis
671 998 814 1037 dubius
845 998 1014 1036 iactabar
1047 997 1093 1036 ab
1126 997 1293 1049 Haedis,

193 1057 316 1108 Saepe
348 1059 477 1096 minax
510 1057 696 1108 Steropes
728 1056 856 1095 sidere
888 1063 1032 1107 pontus
1064 1061 1171 1107 erat,

131 1122 172 1154 15
193 1115 464 1167 Fuscabatque
497 1117 598 1154 diem
631 1120 763 1154 custos
796 1114 1098 1165 Erymanthidos
1130 1126 1270 1166 ursae,

193 1174 270 1213 Aut
301 1174 453 1225 Hyadas
486 1176 585 1212 seris
616 1174 801 1212 hauserat
832 1179 964 1212 auster
996 1174 1130 1224 aquiS,

193 1231 316 1284 Saepe
348 1234 466 1271 maris
497 1244 588 1283 pars
618 1234 724 1271 intus
757 1236 868 1270 erat.
908 1236 1038 1270 tamen
1070 1233 1153 1282 ipse
1187 1231 1371 1269 trementi

194 1289 374 1329 Carmina
405 1291 594 1329 ducebam
626 1290 923 1341 qualiacumque
955 1301 1095 1328 manu.

192 1347 304 1387 Nunc
337 1361 492 1400 quoque
525 1350 698 1388 contenti
730 1348 902 1387 stridunt
933 1347 1113 1398 aquilone
1145 1347 1358 1400 rudentes,

129 1414 172 1446 20
192 1406 315 1458 Inque
346 1407 505 1446 modum
537 1406 677 1446 tumuli
709 1418 875 1445 concava
908 1408 1034 1457 surgit
1065 1418 1175 1456 aqua.

195 1465 282 1516 Ipse
315 1465 554 1516 gubernator
586 1464 725 1503 tollens
757 1464 803 1502 ad
837 1464 964 1503 sidera
996 1464 1141 1515 palmas

192 1523 380 1574 Exposcit
411 1525 540 1576 votis,
571 1525 763 1562 inmemor
795 1524 889 1561 artis
908 1554 919 1575 ,
952 1535 1088 1573 opem.

195 1582 452 1633 Quocumque
484 1583 646 1634 aspexi,
679 1581 774 1620 nihil
807 1586 867 1620 est
898 1582 974 1619 nisi
1006 1581 1143 1619 mortis
1174 1581 1324 1632 imago,

196 1640 321 1686 Quam
352 1640 469 1679 dubia
501 1642 618 1679 timeo
651 1645 781 1678 mente
800 1671 812 1692 ,
842 1641 1064 1690 timensque
1095 1650 1259 1690 precor.

132 1705 174 1737 25
196 1699 371 1750 Attigero
404 1705 561 1750 portum
581 1730 591 1750 ,
623 1704 740 1750 portu
772 1697 952 1737 terrebor
985 1697 1030 1736 ab
1062 1699 1172 1749 ipso:

195 1757 289 1796 Plus
319 1757 438 1796 habet
468 1758 609 1796 infesta
641 1763 746 1795 terra
777 1758 930 1795 timoris
963 1768 1085 1806 aqua.

194 1815 289 1854 Nam
321 1815 437 1854 simul
467 1816 619 1854 insidiis
650 1815 853 1854 hominum
884 1814 1089 1866 pelagique
1121 1812 1278 1866 laboro,

194 1873 244 1913 Et
275 1874 422 1913 faciunt
452 1876 628 1925 geminos
661 1875 766 1913 ensis
798 1879 838 1912 et
868 1873 972 1912 unda
1004 1878 1154 1912 metus.

194 1932 262 1971 Ille
293 1945 380 1972 meo
411 1945 551 1972 vereor
581 1945 629 1971 ne
662 1937 795 1983 speret
826 1933 1014 1982 sanguine
1045 1930 1253 1983 praedam,

131 1999 175 2030 30
194 1990 298 2030 Haec
329 1991 486 2031 titulum
517 1996 674 2030 nostrae
706 1992 844 2029 mortis
875 1989 1020 2028 habere
1055 1989 1166 2028 velit,

194 2048 363 2088 Barbara
394 2062 484 2101 pars
515 2049 620 2088 laeva
654 2055 713 2088 est
744 2049 954 2100 avidaeque
987 2048 1146 2086 adsueta
1178 2047 1359 2099 rapinae,

196 2107 321 2153 Quam
352 2120 469 2147 cruor
500 2114 540 2147 et
571 2107 709 2147 caedes
740 2107 918 2158 bellaque
951 2117 1106 2157 semper
1136 2104 1304 2143 habent.

198 2165 373 2217 Cumque
406 2169 456 2206 sit
486 2166 662 2205 hibernis
695 2167 882 2217 agitatum
912 2164 1097 2203 fluctibus
1130 2175 1300 2215 aequor,

198 2223 362 2264 Pectora
394 2231 486 2264 sunt
516 2227 601 2277 ipso
635 2224 853 2263 turbidiora
884 2224 1003 2261 mari.

133 2290 177 2322 35
199 2283 284 2329 Quo
315 2285 436 2335 magis
468 2283 529 2322 his
561 2283 680 2322 debes
711 2284 914 2333 ignoscere
934 2311 945 2333 ,
978 2280 1139 2319 candide
1171 2280 1318 2328 lector,
