1601 2484
569 72 629 104 1V.
656 80 686 104 11
707 74 830 105 1—72.
1315 68 1370 109 65

158 182 280 233 Saepe
312 180 510 219 recusanti
541 191 705 229 corpora
737 184 846 230 capta
879 179 974 217 deo.

158 240 229 279 Hic
261 239 396 289 lacus,
428 237 468 275 hi
499 243 680 288 montes,
712 237 806 275 haec
838 243 895 276 tot
926 236 1110 288 castella,
1149 241 1206 274 tot
1238 247 1371 274 amnes

157 298 274 337 Plena
307 297 410 334 ferae
443 294 594 347 caedis,
630 294 743 346 plena
774 296 926 333 cruoris
958 300 1091 333 erant:

158 355 309 394 Drusus
340 355 380 392 in
411 353 472 391 his
504 354 648 391 meruit
680 353 875 403 quondam
907 354 1135 404 cognomina
1167 353 1308 404 terris,

95 422 140 452 40
162 414 268 459 Quae
299 412 397 451 bona
430 412 637 462 progenies
656 442 667 463 ,
699 411 813 462 digna
844 416 1034 462 parente,
1068 412 1162 449 suit.

159 470 351 510 Cornibus
383 469 446 508 hic
479 470 640 521 fractis,
671 469 786 507 viridi
817 469 914 507 male
947 474 1076 507 tectus
1107 468 1154 507 ab
1187 468 1297 520 ulva,

161 529 325 568 Decolor
356 530 439 579 ipse
472 539 542 566 suo
576 529 762 578 sanguine
794 526 953 565 Rhenus
986 532 1094 565 erat.

160 586 342 626 Crinibus
374 598 422 625 en
456 587 570 624 etiam
604 587 728 624 fertur
760 585 963 624 Germania
995 586 1120 635 passis

160 645 210 684 Et
241 645 352 683 ducis
383 645 516 683 invicti
549 643 621 682 sub
654 644 751 694 pede
784 649 928 682 maesta
961 642 1094 694 sedet3

98 712 142 742 45
164 703 345 754 Collaque
377 702 571 741 Romanae
604 702 796 753 praebens
827 703 998 740 animosa
1029 701 1161 739 securi

163 761 322 800 Vincula
354 761 430 799 fert
461 760 553 812 illa,
585 772 660 811 qua
692 760 782 798 tulit
813 771 946 810 arma,
979 770 1095 797 manu
1112 755 1136 798 ‚⁹

161 820 240 858 Hos
273 831 390 870 super
421 821 461 857 in
493 831 642 870 curru,
675 818 815 856 Caesar
834 848 844 868 ,
875 818 1022 856 victore
1054 817 1210 855 veheris

161 878 390 928 Purpureus
422 876 555 928 populi
586 878 660 914 rite
692 888 762 927 per
793 887 859 914 ora
891 876 974 914 tui:

163 936 323 986 Quaque
355 935 430 973 ibis
449 967 460 987 ,
491 934 669 973 manibus
702 933 1038 984 circumplaudere
1069 938 1250 985 tuorum,

93 1002 137 1032 50
158 994 336 1044 Undique
367 995 507 1032 iactato
538 994 634 1031 flore
666 998 822 1044 tegente
853 994 955 1030 vias.

164 1053 355 1103 Tempora
387 1051 567 1090 Phoebea
598 1051 706 1090 lauro
739 1052 942 1102 cingetur,
976 1047 1058 1089 ‘Io'
1092 1062 1167 1101 que

163 1110 302 1162 Miles,
335 1107 424 1162 ‘Io,'
457 1121 595 1160 magna
626 1121 748 1161 voce,
781 1105 1025 1160 ‘Triumphe'
1059 1114 1195 1147 canet.

163 1168 250 1220 Ipse
284 1180 378 1207 sono
410 1168 626 1219 plausuque
660 1167 775 1206 simul
806 1168 1044 1218 fremituque
1077 1172 1240 1205 canente

164 1226 423 1277 Quadriiugos
455 1238 593 1265 cernes
626 1238 741 1276 saepe
773 1227 957 1264 resistere
991 1237 1135 1276 equos.

100 1293 143 1324 55
164 1285 257 1323 Inde
288 1290 399 1335 petes
432 1297 561 1323 arcem
593 1290 633 1323 et
664 1283 824 1323 delubra
856 1284 1021 1322 faventia
1054 1284 1176 1335 votis,

164 1343 214 1382 Et
245 1343 401 1382 dabitur
432 1344 572 1381 merito
604 1343 735 1381 laurea
767 1348 853 1380 vota
886 1341 987 1380 lovi.

166 1400 269 1440 Haec
302 1413 372 1452 ego
405 1406 652 1452 summotus,
685 1413 760 1451 qua
790 1412 980 1451 possum,
1012 1405 1142 1438 mente
1176 1399 1336 1440 videbo:

165 1460 302 1511 Erepti
332 1459 444 1498 nohis
476 1461 537 1498 ius
569 1459 686 1498 habet
716 1459 780 1496 illa
811 1458 908 1497 loci.

166 1518 232 1557 1113
263 1530 333 1568 per
365 1520 561 1556 inmensas
594 1518 784 1569 spatiatur
815 1516 936 1555 libera
969 1522 1118 1568 terras,

102 1576 209 1616 60111
242 1576 392 1615 eaelum
424 1575 543 1614 celeri
574 1576 752 1627 pervenit
783 1574 845 1613 illa
878 1576 959 1626 via3

165 1635 232 1673 Illa
264 1646 370 1673 meos
402 1634 535 1673 oculos
566 1634 733 1673 mediam
766 1633 925 1672 deducit
955 1634 996 1672 in
1028 1632 1196 1685 Urbem,

165 1693 362 1732 Immunes
393 1694 491 1732 tanti
522 1705 594 1731 nec
627 1694 720 1731 sinit
751 1704 837 1730 esse
869 1691 984 1744 boni,

167 1751 419 1802 Invenietque
452 1753 633 1803 animus,
666 1762 741 1802 qua
774 1762 915 1789 currus
947 1755 1100 1801 spectet
1131 1749 1325 1790 eburnos:

168 1809 232 1849 Sic
263 1815 370 1849 certe
401 1811 441 1848 in
473 1811 596 1861 patria
627 1822 698 1861 per
729 1809 845 1847 breve
878 1814 1032 1860 tempus
1065 1821 1155 1847 ero.

103 1877 146 1907 65
168 1866 265 1907 Vera
296 1873 426 1907 tamen
458 1870 585 1919 capiet
615 1867 783 1919 populus
815 1867 1037 1919 spectacula
1069 1867 1183 1919 felix,

166 1927 361 1977 Laetaque
394 1928 470 1965 erit
499 1938 685 1978 praesens
717 1937 805 1965 cum
838 1926 937 1965 duce
969 1925 1084 1964 turba
1116 1937 1198 1964 SUO.

166 1987 214 2024 At
246 1985 342 2024 mibi
372 1985 553 2036 fingendo
585 1990 737 2024 tantum
769 1984 960 2035 longeque
993 1985 1153 2023 remotis

166 2043 337 2083 Auribus
368 2044 432 2082 hic
464 2045 616 2083 fructus
648 2043 925 2094 percipiendus
958 2044 1055 2094 erit,

168 2105 292 2154 Atque
324 2102 462 2153 procul
492 2102 601 2141 Latio
634 2103 831 2141 diversum
863 2103 1007 2140 missus
1039 2103 1078 2139 in
1111 2099 1246 2139 orbem

105 2169 147 2200 70
169 2162 244 2208 Qui
276 2166 408 2201 narret
439 2162 580 2213 cupido
599 2193 609 2213 ,
640 2162 703 2199 vix
736 2162 839 2211 erit,
872 2161 946 2198 ista
978 2159 1096 2198 mihi.

167 2221 204 2259 Is
231 2231 386 2271 quoque
412 2221 488 2258 iam
515 2231 647 2258 serum
673 2219 819 2258 referet
845 2223 1093 2269 veteremque
1121 2216 1383 2268 triumphum:

169 2279 253 2325 Quo
285 2284 415 2317 tamen
447 2278 606 2317 audiero
638 2284 814 2329 tempore
833 2307 845 2329 ,
876 2276 1000 2316 laetus
1032 2288 1119 2315 ero.

121 2351 226 2378 οἵῃ).
263 2352 321 2378 111.
1150 2344 1171 2375 5
