1575 2489
584 73 643 107 1v.
671 75 867 106 355—418.
1307 72 1392 113 295

174 180 273 219 Ante
305 185 463 231 tamen,
495 192 610 231 quam
642 192 792 219 summa
823 180 906 219 dies
939 180 1160 232 spectacula
1191 182 1325 232 sistat,

232 237 399 289 Ensiger
430 237 550 278 Orion
582 251 751 290 aequore
783 250 936 278 mersus
969 241 1068 278 erit.

459 330 524 371 10.
556 328 645 370 DN
670 341 985 372 nvom-(HR

175 412 354 451 Proxima
386 414 586 452 victricem
617 426 707 453 cum
738 414 900 452 Romam
930 415 1145 464 inspexerit
1176 413 1278 466 Eos,

88 479 154 510 300
234 471 283 510 Et
314 471 466 510 dederit
497 471 653 510 Phoebo
688 472 797 511 stella
828 473 958 523 fugata
989 472 1142 520 locum,

176 529 312 568 Circus
345 531 421 568 erit
450 541 592 581 pompa
624 530 779 569 celeber
810 542 1052 582 numeroque
1085 531 1274 583 deorum,

233 587 441 639 Primaque
474 590 645 627 ventosis
676 589 802 640 palma
832 594 990 641 petetur
1022 591 1157 640 equis.

319 680 382 721 11.
414 678 501 721 EN
566 681 629 721 12.
661 679 745 722 FN
770 692 1133 722 LVDI-CERERI

174 761 274 802 Hinc
306 762 462 802 Cereris
493 763 602 803 ludi.
659 776 737 803 non
770 771 829 803 est
860 776 958 815 opus
990 764 1117 803 indice
1151 777 1290 817 causa3

234 821 380 872 Sponte
413 822 506 861 deae
538 834 681 861 munus
712 824 1048 873 promeritumque
1080 828 1209 873 patet.

87 888 153 919 395
175 880 312 918 Messis
345 886 428 919 erat
458 882 595 931 primis
628 881 770 919 virides
802 880 1032 919 mortalibus
1063 880 1233 934 herbae,

234 939 337 984 Quas
369 938 484 977 tellus
516 938 621 977 nullo
655 938 885 978 sollicitante
918 938 1056 991 dabat3

174 996 223 1035 Et
253 996 367 1035 modo
401 997 613 1048 carpebant
643 999 753 1036 vivax
785 997 832 1036 de
865 999 1035 1048 caespite
1068 1009 1250 1050 gramen,

231 1054 343 1094 Nunc
376 1055 512 1107 epulae
544 1062 679 1095 tenera
709 1055 848 1094 fronde
880 1068 1067 1095 cacumen
1099 1062 1233 1096 erant.

174 1113 381 1152 Postmodo
414 1113 522 1165 glans
554 1120 641 1153 nata
673 1120 761 1153 est.
816 1114 916 1153 bene
949 1120 1033 1153 erat
1064 1116 1138 1153 iam
1171 1115 1309 1165 glande

901 1178 1081 1225 reperta,

85 1239 153 1269 400
232 1230 414 1282 Duraque
446 1232 668 1281 magnificas
701 1243 871 1282 quercus
903 1231 1070 1270 habebat
1101 1244 1218 1283 opes.

173 1289 303 1328 Prima
334 1289 452 1328 Ceres
483 1290 640 1328 homine
673 1290 719 1328 ad
751 1290 912 1329 meliora
943 1289 1124 1329 alimenta
1155 1297 1291 1330 vocato

232 1347 393 1386 Mutavit
425 1348 584 1398 glandes
615 1348 771 1387 utiliore
804 1349 914 1388 cibo.

174 1406 241 1445 Illa
272 1408 362 1457 iugo
395 1412 529 1446 tauros
562 1407 704 1446 collum
736 1407 926 1458 praebere
959 1408 1110 1457 coegit:

231 1465 342 1503 Tunc
374 1467 545 1516 primum
578 1466 679 1504 soles
713 1472 822 1504 eruta
854 1466 950 1504 vidit
980 1465 1147 1504 humus.

85 1531 152 1562 405
173 1523 247 1562 Aes
279 1529 363 1562 erat
393 1525 433 1562 in
465 1525 592 1574 pretio
611 1556 622 1576 ‚
655 1524 850 1575 chalybeia
883 1536 1008 1562 massa
1039 1524 1204 1564 latebat:

231 1581 370 1633 Eheu,
403 1587 594 1633 perpetuo
626 1582 762 1621 debuit
792 1583 856 1621 illa
887 1581 990 1633 tegi!

173 1640 272 1679 Pace
305 1640 424 1679 Ceres
456 1641 553 1680 laeta
585 1647 673 1694 est3
706 1648 744 1680 et
776 1654 843 1680 vos
875 1648 983 1680 orate
1002 1673 1013 1692 ,
1046 1641 1196 1694 coloni,

231 1699 464 1750 Perpetuam
496 1712 632 1750 pacem
663 1701 945 1751 pacificumque
979 1700 1142 1739 ducem.

172 1757 291 1795 Farra
323 1757 416 1796 deae
448 1760 649 1809 micaeque
681 1758 773 1797 licet
804 1758 977 1797 salientis
1008 1759 1199 1798 honorem

84 1823 152 1854 410
233 1815 339 1854 Detis
359 1847 369 1867 ‚
401 1822 440 1854 et
470 1818 510 1855 in
542 1822 696 1856 veteres
727 1823 839 1856 turea
870 1829 988 1868 grana
1021 1818 1152 1869 focos3

172 1873 250 1925 Et,
283 1875 317 1912 si
348 1880 435 1913 tura
467 1874 663 1927 aberunt,
695 1881 833 1914 unctas
866 1875 1066 1914 accendite
1099 1876 1256 1916 taedas.

230 1932 350 1971 Parva
382 1933 504 1972 bonae
539 1933 699 1985 Cereri,
735 1935 813 1973 sint
844 1934 958 1972 modo
992 1940 1124 1986 casta,
1156 1935 1333 1985 placent.

172 1992 203 2029 A
235 1991 332 2030 bove
365 1993 557 2031 succincti
589 1992 736 2031 cultros
768 1998 966 2031 removete
998 1994 1168 2032 ministri

231 2049 307 2088 Bos
340 2057 450 2090 aret.
507 2053 684 2102 ignavam
716 2051 931 2090 sacrificate
964 2063 1097 2090 suem.

83 2115 151 2146 415
171 2109 269 2159 Apta
300 2110 390 2160 iugo
423 2111 554 2148 cervix
585 2121 663 2148 non
696 2115 756 2148 est
787 2110 962 2149 ferienda
994 2111 1151 2150 securi:

230 2166 368 2219 Vivat,
400 2173 439 2206 et
470 2169 511 2206 in
543 2168 639 2207 dura
672 2180 787 2219 saepe
818 2168 969 2207 laboret
999 2168 1142 2208 humo.

171 2224 302 2276 Exigit
332 2227 415 2277 ipse
447 2226 556 2265 locus
575 2259 586 2279 ‚
618 2233 754 2279 raptus
786 2232 830 2266 ut
861 2228 1022 2278 virginis
1055 2227 1190 2267 edam.

228 2283 346 2323 Plura
377 2297 665 2338 recognosces,
696 2298 820 2338 pauca
852 2286 1051 2326 doeendus
1084 2288 1186 2327 eris.
