1575 2489
191 97 273 138 192
725 99 788 130 Ex
812 98 970 131 PONTO

244 214 285 245 10
363 206 448 244 Non
481 211 540 244 est
571 206 745 256 Augusto
777 206 946 244 iunctior
978 205 1053 244 ulla
1085 206 1191 244 foro.

306 263 435 314 Siquis
455 294 465 314 ,
496 268 540 302 ut
569 265 609 301 in
642 262 785 314 populo
804 294 814 314 ,
848 265 914 314 qui
946 265 1028 302 sitis
1061 269 1099 302 et
1133 263 1264 315 unde,
1296 265 1492 315 requiret,

364 321 527 360 Nomina
559 321 719 372 decepta
751 320 944 372 quaelibet
976 333 1068 360 aure
1100 322 1220 360 ferat.

304 379 354 417 Ut
385 380 434 417 sit
466 380 569 417 enim
601 384 730 418 tutum
749 410 759 430 ,
791 380 892 417 sicut
923 391 1013 417 reor
1044 391 1129 418 esse
1148 410 1159 430 ,
1191 380 1327 431 fateri,

363 436 488 475 Verba
519 438 647 475 minus
680 444 785 476 certe
817 437 905 475 ficta
937 438 1086 475 timoris
1117 436 1283 476 habent.

244 502 284 533 15
305 494 422 545 Copia
454 507 526 533 nec
558 494 666 533 vobis
698 494 802 533 nullo
835 494 1064 545 prohibente
1096 494 1250 533 videndi

364 552 542 591 Consulis
561 584 571 604 ,
604 558 648 591 ut
678 552 795 591 limen
828 554 1068 603 contigeritis
1087 584 1098 603 ‚
1131 554 1227 591 erit.

304 610 380 649 Aut
411 616 521 661 reget
551 610 614 649 ille
647 623 738 649 suos
771 610 934 648 dicendo
966 612 1051 649 iura
1083 611 1256 656 Quirites
1275 641 1285 661 ,

364 668 625 719 Conspicuum
659 670 779 719 signis
811 680 900 707 cum
931 674 1082 718 premet
1114 668 1213 706 altus
1246 668 1365 707 ebur:

304 727 380 764 Aut
410 726 544 777 populi
575 726 724 765 reditus
755 728 919 777 positam
953 732 1158 776 componet
1189 726 1235 764 ad
1268 726 1438 777 hastam,

242 791 284 823 20
362 784 411 822 Et
441 786 563 823 minui
595 796 753 835 magnae
786 796 863 823 non
896 786 996 822 sinet
1027 783 1142 822 Urbis
1175 795 1292 834 opes:

304 842 408 893 Aut,
440 842 507 881 ubi
539 849 654 881 erunt
685 848 815 894 patres
847 844 887 880 in
919 842 1013 880 Iulia
1046 841 1186 892 templa
1219 843 1366 893 vocati,

363 899 417 938 De
449 905 554 939 tanto
588 901 713 952 dignis
746 900 904 939 consule
937 899 1055 938 rebus
1087 905 1196 950 aget:

305 958 381 996 Aut
412 959 512 996 seret
543 959 716 1009 Augusto
750 958 900 997 solitam
932 964 1101 1008 natoque
1134 957 1320 1009 salutem,

363 1015 495 1066 Deque
528 1028 665 1066 parum
696 1022 788 1055 noto
821 1016 998 1055 consulet
1029 1016 1177 1054 officio.

242 1081 284 1111 25
305 1073 475 1124 Tempus
507 1074 553 1112 ab
585 1074 645 1113 his
672 1086 834 1113 vacuum
862 1074 1001 1112 Caesar
1027 1074 1279 1111 Germanicus
1306 1085 1418 1112 omne
1441 1082 1512 1113 (115)

363 1132 552 1170 Auferet.
609 1144 630 1170 a
661 1133 808 1182 magnis
840 1131 944 1170 hunc
977 1131 1067 1170 colit
1098 1131 1161 1169 ille
1193 1131 1297 1169 deis.

306 1189 402 1227 Cum
433 1194 562 1228 tamen
595 1202 615 1227 a
646 1189 761 1228 turba
791 1201 923 1228 rerum
956 1190 1192 1240 requieverit
1223 1189 1384 1241 harum,

363 1247 418 1285 Ad
451 1260 517 1286 vos
550 1253 771 1286 mansuetas
803 1249 977 1298 porriget
1008 1247 1070 1285 ille
1103 1259 1263 1299 manus,

306 1305 485 1356 Quidque
517 1318 658 1356 parens
690 1318 760 1356 ego
792 1312 920 1344 vester
952 1317 1059 1356 agam
1078 1337 1088 1357 ,
1121 1306 1284 1344 fortasse
1316 1306 1511 1356 requiret.

243 1371 286 1402 30
365 1363 469 1402 Talia
501 1376 568 1402 vos
600 1364 655 1402 illi
687 1364 852 1402 reddere
884 1363 999 1402 verba
1031 1363 1138 1402 volo:

307 1419 427 1460 ‘Vivit
458 1421 583 1460 adhuc
616 1424 808 1472 vitamque
841 1421 910 1460 tibi
942 1421 1083 1460 dehere
1116 1421 1280 1472 fatetur,

364 1479 487 1525 Quam
518 1482 626 1530 prius
659 1492 679 1518 a
710 1482 793 1518 miti
826 1479 988 1518 Caesare
1022 1491 1162 1517 munus
1194 1479 1333 1517 habet:

306 1537 359 1575 Te
392 1537 463 1576 sibi
482 1569 493 1588 ,
526 1550 614 1576 cum
646 1538 827 1589 fugeret,
858 1539 1021 1575 memori
1053 1537 1149 1575 solet
1181 1549 1248 1575 ore
1280 1537 1428 1575 referre

366 1595 568 1634 Barbariae
602 1601 704 1634 tutas
737 1595 958 1634 exhibuisse
991 1596 1093 1634 vias:

243 1662 284 1692 35
307 1653 501 1703 Sanguine
533 1653 750 1692 Bistonium
784 1654 885 1703 quod
918 1665 994 1691 non
1028 1653 1255 1704 tepefecerit
1286 1665 1442 1703 ensem,

363 1711 551 1750 Effectum
585 1724 677 1750 cura
710 1713 879 1762 pectoris
912 1723 996 1749 esse
1028 1713 1107 1749 tui:

306 1770 442 1808 Addita
474 1776 676 1820 praeterea
707 1771 805 1808 vitae
839 1781 992 1820 quoque
1025 1769 1144 1808 multa
1176 1768 1341 1807 tuendae

363 1828 551 1879 Munera,
584 1840 631 1866 ne
662 1829 840 1879 proprias
872 1833 1091 1866 attenuaret
1122 1839 1236 1877 opes.

306 1885 380 1924 Pro
413 1885 554 1936 quibus
587 1892 630 1924 ut
661 1887 810 1924 meritis
842 1886 1035 1924 referatur
1066 1887 1187 1936 gratia
1206 1917 1216 1936 ,
1248 1886 1350 1923 iurat

240 1952 284 1983 40
364 1943 413 1982 Se
445 1944 528 1982 fore
559 1945 742 1995 mancipii
773 1950 926 1994 tempus
958 1945 998 1982 in
1030 1955 1142 1981 omne
1176 1944 1253 1981 tui.

304 2002 398 2040 Nam
429 2003 539 2053 prius
571 2002 754 2040 umbrosa
786 2004 977 2040 carituros
1009 2001 1147 2040 arbore
1181 2006 1354 2052 montes,

363 2060 410 2099 Et
441 2061 539 2099 freta
571 2060 750 2099 velivolas
782 2072 859 2098 non
891 2059 1069 2097 habitura
1100 2065 1226 2110 rates,

303 2118 555 2169 Fluminaque
587 2121 626 2156 in
657 2120 784 2157 sontes
816 2130 933 2156 cursu
965 2117 1137 2156 reditura
1170 2118 1308 2168 supino
1319 2147 1331 2168 ,
1563 2128 1567 2151 ι

363 2176 490 2215 Gratia
524 2189 638 2227 quam
671 2177 799 2215 meriti
830 2177 953 2227 possit
985 2175 1091 2214 abire
1123 2173 1225 2215 tui.'
1560 2159 1565 2243 ll

239 2242 282 2273 45
304 2234 406 2272 Haec
438 2235 505 2273 ubi
537 2235 742 2287 dixeritis,
775 2240 902 2273 servet
935 2246 1002 2272 sua
1035 2234 1162 2285 dona,
1195 2239 1349 2285 rogate.
1560 2249 1569 2287 ‚t

365 2292 427 2330 Sic
461 2293 578 2332 suerit
610 2299 760 2332 vestrae
794 2304 908 2331 causa
939 2298 1095 2343 peracta
1125 2294 1230 2331 viae.
1557 2303 1562 2386 d
