1575 2489
519 87 583 119 111.
609 94 675 119 1111
695 87 814 119 82-v
835 88 890 119 34.
1291 83 1373 124 179

682 216 738 264 V.

159 310 281 356 Quam
313 309 438 361 legis,
471 309 573 348 unde
607 309 676 349 tibi
708 311 886 349 mittatur
919 310 1113 362 epistula,
1147 307 1338 361 quaeris?

216 368 315 407 Hinc
334 400 345 419 ,
376 367 444 406 ubi
476 368 665 407 caeruleis
698 370 872 419 iungitur
904 367 1036 407 Hister
1068 370 1202 420 aquis.

161 427 208 466 Ut
239 428 346 477 regio
378 426 480 465 dicta
512 433 601 478 est,
633 439 867 466 succurrere
900 426 1017 465 debet
1048 433 1087 466 et
1118 433 1278 477 auctor,

217 484 362 523 Laesus
394 484 441 523 ab
473 486 628 536 ingenio
661 485 762 524 Naso
794 492 908 536 poeta
942 497 1036 524 suo,

118 551 138 582 5
159 543 234 588 Qui
264 542 335 581 tibi
352 573 364 594 ,
397 555 512 594 quam
544 543 674 582 mallet
705 555 890 594 praesens
923 544 1061 582 afferre
1095 543 1282 595 salutem,

218 600 336 640 Mittit
367 601 413 640 ab
446 602 610 640 hirsutis
629 634 640 654 ‚
672 602 835 641 Maxime
869 601 979 640 Cotta
999 633 1009 653 ‚
1042 602 1172 640 Getis.

157 659 339 710 Legimus
359 691 369 711 ‚
401 672 422 698 o
454 661 605 698 iuvenis
637 662 753 711 patrii
785 672 863 699 non
896 660 1066 710 degener
1098 661 1202 711 oris,

216 718 325 756 Dicta
358 718 426 756 tihi
459 718 572 768 pleno
605 718 722 757 verba
754 718 898 757 diserta
931 719 1038 756 soro,

160 777 267 822 Quae
300 788 534 828 quamquam
564 776 696 828 lingua
728 776 821 815 mihi
853 783 945 815 sunt
977 782 1212 827 properante
1244 788 1315 827 per

885 834 999 872 horas
1321 856 1368 862 -—

96 902 139 933 10
212 892 330 932 Lecta
362 895 454 932 satis
486 893 626 932 multas
646 923 656 943 ‚
688 905 809 943 pauca
842 893 960 931 fuisse
995 904 1162 943 queror.

157 951 273 990 Plura
305 951 373 990 sed
406 951 500 990 haec
533 952 606 990 feci
639 951 847 1002 relegendo
880 963 1025 1002 saepe3
1058 963 1129 990 nec
1163 963 1347 1002 umquam

216 1009 301 1048 Non
334 1010 456 1056 mihi,
489 1022 603 1060 quam
635 1011 761 1060 primo
782 1040 792 1060 ‚
824 1015 930 1060 grata
963 1009 1073 1048 fuere
1106 1011 1250 1060 magis.

158 1067 333 1119 Cumque
366 1068 461 1106 nihil
493 1070 636 1107 totiens
668 1067 766 1107 lecta
800 1080 819 1106 e
853 1067 1058 1106 dulcedine
1091 1068 1278 1119 perdant,

216 1126 373 1165 Viribus
405 1126 467 1164 illa
500 1128 581 1165 suis
602 1158 611 1176 ‚
644 1139 721 1165 non
754 1127 953 1177 novitate,
986 1126 1162 1177 placent.

96 1193 137 1225 15
159 1184 309 1224 Felices
329 1217 338 1235 ,
371 1184 512 1235 quibus
545 1185 639 1223 haec
672 1186 755 1236 ipso
789 1196 1026 1235 cognoscere
1058 1186 1099 1223 in
1131 1192 1244 1236 actu,

217 1243 266 1282 Et
298 1249 374 1281 tam
408 1243 574 1282 facundo
607 1244 770 1293 contigit
802 1255 868 1281 ore
903 1242 1004 1282 frui!

157 1301 252 1340 Nam
286 1313 519 1353 quamquam
551 1313 666 1352 sapor
699 1309 757 1340 est
789 1301 910 1339 adlata
944 1301 1067 1340 dulcis
1100 1303 1138 1340 in
1172 1302 1296 1353 unda,

218 1360 375 1398 Gratius
408 1372 451 1399 ex
486 1362 570 1411 ipso
603 1361 709 1399 sonte
741 1359 930 1399 bibuntur
962 1371 1108 1411 aquae.

159 1418 207 1457 Et
239 1420 359 1469 magis
392 1418 558 1457 adducto
590 1430 747 1469 pomum
781 1418 993 1469 decerpere
1026 1430 1157 1470 ramo,
1317 1426 1373 1458 (95)

49 1471 53 1473 ἡ
94 1485 137 1517 20
217 1477 340 1522 Quam
373 1477 419 1515 de
453 1477 597 1515 caelata
629 1489 785 1515 sumere
816 1476 925 1515 lance
958 1479 1084 1515 iuvat.

157 1536 206 1574 At
237 1537 311 1574 nisi
342 1547 566 1586 peccassem
587 1566 597 1586 ,
629 1537 703 1574 nisi
736 1547 796 1573 me
829 1547 913 1573 mea
946 1534 1054 1573 Musa
1088 1535 1283 1587 fugasset,

217 1593 327 1639 Quod
359 1594 463 1644 legi,
496 1601 560 1633 tua
594 1606 666 1632 vox
699 1593 940 1633 exhibuisset.
971 1605 1093 1644 opus.

160 1652 284 1703 thue
317 1653 373 1691 sui
406 1652 566 1704 solitus,
598 1652 788 1691 sedissem
820 1653 983 1691 forsitan
1015 1664 1118 1691 unus

218 1710 272 1749 De
305 1718 461 1750 centum
493 1711 609 1750 iudex
641 1712 680 1750 in
716 1720 779 1750 tua
812 1710 928 1749 verba
959 1712 1073 1749 viris:

95 1777 137 1808 25
157 1769 279 1808 Maior
311 1776 350 1807 et
380 1769 580 1820 implesset
611 1770 837 1820 praecordIa
871 1775 1002 1808 nostra
1034 1768 1234 1820 voluptas,

219 1827 314 1866 Cum
347 1827 524 1866 traherer
556 1828 669 1866 dictis
702 1829 993 1878 adnueremque
1025 1829 1126 1866 tuis.

159 1885 281 1931 Quem
316 1887 496 1936 quoniam
530 1886 650 1925 fatum
683 1886 791 1924 vobis
824 1888 1024 1936 patriaque
1057 1886 1203 1924 relictis

218 1944 324 1983 Inter
355 1944 587 1983 inhumanos
620 1944 755 1984 maluit
787 1956 872 1983 esse
905 1944 1044 1994 Getas,

161 2002 272 2048 Quod
303 2002 423 2055 licet,
455 2011 498 2042 ut
529 2003 661 2042 videar
693 2010 823 2042 tecum
855 2004 978 2054 magis
1010 2014 1095 2041 esse
1117 2036 1126 2053 ‚
1159 2003 1318 2054 legenda

97 2069 140 2100 30
220 2061 341 2112 Saepe
361 2092 372 2113 ,
403 2073 573 2114 precor,
605 2062 722 2101 studii
755 2064 917 2113 pignora
949 2062 1059 2100 mitte
1093 2063 1170 2100 tui:

160 2119 423 2170 Exemploque
454 2132 541 2159 meo
561 2152 571 2172 ‚
603 2122 679 2160 nisi
711 2120 932 2171 dedignaris
964 2119 1004 2158 id
1036 2121 1188 2171 ipsum,

218 2177 365 2230 Utere,
397 2178 499 2229 quod
531 2178 643 2218 nobis
676 2181 822 2218 rectius
847 2180 931 2229 ipse
965 2178 1099 2216 dares.

160 2236 332 2287 Namque
365 2248 435 2288 ego
453 2268 463 2288 ,
494 2239 561 2289 qui
587 2239 685 2289 perii
717 2239 792 2277 iam
819 2237 968 2289 pridem
986 2269 996 2289 ‚
1022 2236 1184 2275 Maxime
1205 2269 1214 2289 ,
1241 2236 1372 2288 vobis,

218 2294 376 2346 Ingenio
408 2297 511 2335 nitor
542 2308 619 2335 non
651 2298 815 2348 periisse
848 2307 957 2335 meo.

1095 2360 1163 2396 12*
