1575 2489
571 69 598 102 1.
627 70 821 103 177—248.
1280 67 1364 108 219

152 178 348 223 Quaerere
365 208 376 228 ,
401 181 446 215 ut
472 174 702 227 absumant,
729 175 931 227 absumpta
964 178 1165 227 requirere
1194 182 1364 228 certant,

209 235 336 285 Atque
368 236 475 285 ipsae
507 235 609 272 vitiis
643 239 734 273 sunt
765 234 945 273 alimenta
976 236 1102 274 vices.

66 302 131 333 215
153 293 218 332 Sic
251 292 394 344 quibus
426 293 613 330 intumuit
644 293 791 331 suffusa
821 299 958 331 venter
991 292 1036 331 ab
1070 293 1195 345 unda,

210 350 294 396 Quo
327 350 413 400 plus
446 355 536 389 sunt
567 355 709 402 potae,
740 350 826 402 plus
858 352 1046 390 sitiuntur
1077 363 1221 402 aquae.

152 409 195 448 In
227 410 352 459 pretio
384 409 554 460 pretium
586 420 691 447 nunc
723 414 804 448 est:
849 408 914 448 dat
945 421 1086 448 census
1118 410 1312 462 honores,

214 467 363 506 Census
396 467 614 517 amicitias;
646 479 794 518 pauper
826 466 971 518 ubique
1003 469 1125 507 iacet.

152 525 211 564 Tu
242 530 373 563 tamen
404 526 621 575 auspicium
654 526 686 563 si
718 526 768 564 sit
800 527 912 576 stipis
945 525 1066 578 utile,
1099 527 1278 578 quaeris,

66 591 132 623 220
210 582 367 633 Curque
399 584 534 621 iuvent
564 588 713 622 vestras
745 595 833 622 aera
864 589 1017 623 vetusta
1048 582 1220 623 manus?

151 641 250 680 Aera
282 640 423 679 dabant
454 640 546 679 olim
566 672 574 680 .
631 640 769 680 melius
802 654 906 681 nunc
939 654 1052 680 omen
1084 644 1124 680 in
1156 654 1250 681 auro
1284 647 1364 692 est,

209 698 396 750 Victaque
430 700 624 738 concessit
655 701 783 750 prisca
815 706 970 738 moneta
1001 712 1145 739 novae.

152 756 230 796 Nos
263 769 419 808 quoque
452 757 594 808 templa
625 759 787 810 iuvant,
820 760 994 808 quamvis
1027 760 1184 808 antiqua

874 816 1085 866 probemus
1097 846 1109 868 ,

209 874 363 913 Aurea:
410 873 590 912 maiestas
623 874 805 912 convenit
836 874 908 912 ista
941 874 1036 912 deo.

64 939 130 971 225
152 932 369 971 Laudamus
401 937 583 983 veteres,
616 931 683 970 sed
716 932 861 970 nostris
893 933 1040 970 utimur
1072 934 1206 971 annis:

210 990 290 1028 Mos
323 995 452 1028 tamen
485 995 543 1028 est
575 1001 697 1040 aeque
729 989 869 1041 dignus
902 995 1067 1041 uterque
1101 988 1218 1029 coli.'

152 1048 324 1087 Finierat
354 1049 554 1086 monitus.
610 1047 771 1098 placidis
803 1049 856 1087 ita
887 1060 1054 1099 rursus,
1087 1054 1131 1087 ut
1163 1054 1276 1099 ante,

210 1105 451 1157 Clavigerum
484 1105 612 1144 verbis
645 1106 832 1157 adloquor
862 1108 944 1157 ipse
979 1106 1119 1146 deum:

153 1162 291 1202 ‘Multa
324 1164 479 1214 quidem
511 1163 658 1203 didici:
704 1164 771 1202 sed
804 1176 874 1203 cur
906 1165 1050 1203 navalis
1081 1167 1121 1203 in
1153 1177 1241 1203 aere

67 1231 133 1262 230
212 1222 341 1260 Altera
373 1224 519 1273 signata
552 1227 640 1273 est,
672 1221 791 1260 altera
822 1223 945 1261 forma
977 1222 1110 1274 biceps
1124 1220 1165 1261 ‘?’

153 1278 342 1319 ‘Noscere
375 1292 436 1319 me
469 1279 615 1331 duplici
646 1292 782 1331 posses
814 1286 858 1319 ut
888 1282 1055 1332 imagine
1075 1278 1107 1333 ,³
1141 1282 1236 1320 dixit

212 1336 280 1377 ‘Ni
312 1344 422 1378 vetus
454 1340 538 1390 ipsa
569 1338 651 1377 dies
684 1344 933 1378 extenuasset
964 1351 1085 1391 opus.

152 1396 274 1437 Causa
306 1399 400 1436 ratis
433 1402 635 1448 superest:
680 1397 853 1436 Tuscum
890 1403 973 1436 rate
1005 1399 1111 1436 venit
1142 1399 1181 1436 in
1214 1409 1363 1436 amnem

211 1455 309 1494 Ante
341 1460 543 1506 pererrato
576 1454 725 1493 falcifer
757 1455 850 1493 orbe
883 1455 1001 1494 deus.

69 1521 134 1554 235
154 1512 234 1554 Hac
266 1525 336 1563 ego
370 1513 582 1552 Saturnum
613 1514 773 1551 memini
804 1512 943 1552 tellure
975 1520 1200 1566 receptum:

214 1571 424 1611 Caelitibus
456 1573 588 1622 regnis
619 1583 639 1609 a
671 1571 759 1609 Iove
791 1571 927 1622 pulsus
960 1578 1066 1611 erat.

153 1629 247 1669 Inde
280 1629 346 1668 diu
378 1631 484 1680 genti
515 1631 656 1669 mansit
689 1629 870 1669 Saturnia
902 1642 1067 1682 nomen3

210 1688 319 1726 Dicta
351 1700 506 1738 quoque
539 1694 598 1727 est
628 1687 780 1727 Latium
812 1693 946 1740 terra,
978 1689 1121 1728 latente
1154 1689 1247 1727 deo.

152 1746 201 1785 At
232 1745 332 1784 bona
364 1747 572 1797 posteritas
603 1758 775 1797 puppem
806 1747 986 1785 formavit
1017 1749 1056 1785 in
1089 1759 1200 1799 aere,

67 1812 134 1844 240
212 1803 385 1855 Hospitis
417 1803 625 1843 adventum
656 1805 861 1844 testificata
892 1805 977 1844 dei.

153 1862 239 1914 lpse
272 1862 398 1901 solum
429 1862 561 1914 colui,
593 1864 705 1901 cuius
736 1862 997 1912 placidissima
1028 1863 1179 1902 laevum

213 1920 327 1959 Radit
357 1920 539 1959 harenosi
571 1920 778 1971 Thybridis
810 1921 912 1959 unda
944 1921 1068 1960 latus.

153 1978 252 2030 Hic,
284 1977 352 2017 uhi
383 1991 487 2017 nunc
519 1978 641 2017 Roma
672 1985 761 2031 est,
792 1979 980 2018 incaedua
1012 1979 1105 2018 silva
1137 1978 1307 2030 virebat,

212 2036 410 2087 Tantaque
442 2048 506 2076 res
538 2038 672 2087 paucis
704 2049 847 2088 pascua
878 2037 1007 2076 bubus
1039 2043 1143 2076 erat.

68 2101 134 2133 245
154 2095 230 2133 Arx
262 2107 347 2133 mea
379 2094 486 2134 collis
519 2101 604 2134 erat
635 2094 793 2147 volsus,
826 2107 941 2146 quem
974 2098 1129 2134 nomine
1162 2101 1296 2134 nostro

213 2152 421 2204 Nuncupat
450 2153 546 2192 haec
579 2158 706 2205 aetas,
739 2153 1031 2205 Ianiculumque
1064 2161 1195 2192 vocat.

153 2209 263 2249 Tunc
296 2222 366 2261 ego
398 2211 633 2263 regnabam,
667 2213 818 2263 patiens
850 2224 939 2250 cum
970 2219 1076 2250 terra
1107 2211 1269 2251 deorum

212 2268 354 2321 Esset,
387 2275 425 2308 et
455 2269 634 2308 humanis
667 2272 825 2308 numina
857 2272 973 2308 mixta
1007 2270 1125 2309 focis.
