1575 2489
536 71 579 104 V.
604 79 666 104 ΧΠ
686 74 833 104 3-xm
852 73 884 104 3.
1319 69 1374 110 99

164 178 214 218 Et
244 177 410 217 fecunda
441 177 532 216 facit
561 183 721 228 pectora
752 177 876 216 laudis
908 189 1037 216 amor.

165 236 340 274 Nominis
373 241 412 274 et
442 235 564 274 famae
598 236 791 286 quondam
824 236 973 286 fulgore
1005 235 1210 287 trahebar,

99 302 144 333 40
164 293 262 332 Dum
293 293 382 332 tulit
413 299 613 332 antemnas
645 305 738 331 aura
769 294 939 332 secunda
971 305 1098 332 meas.

163 351 249 390 Non
281 351 376 389 adeo
409 356 468 389 est
498 350 598 389 bene
629 363 734 389 nunc
752 382 763 403 ‚
795 357 839 390 ut
870 353 921 390 sit
951 351 1046 389 mihi
1077 350 1198 401 gloria
1233 361 1374 389 curae:

166 409 207 447 Si
237 409 380 460 liceat,
412 408 508 447 nulli
540 410 718 459 cognitus
751 421 837 447 esse
869 409 1006 447 velim.

163 467 222 505 An
254 468 343 517 quia
375 471 579 505 cesserunt
609 468 735 517 primo
766 466 866 505 bene
899 468 1068 505 carmina
1086 497 1097 519 ,
1130 467 1268 505 suades

166 524 346 563 Scribere
365 555 377 576 ,
409 536 616 563 successus
648 530 692 563 ut
724 536 865 575 sequar
895 526 979 576 ipse
1011 522 1152 564 meos?

99 590 143 621 45
163 582 262 620 Pace
280 613 292 634 ,
322 594 462 621 novem
480 613 491 634 ,
522 588 649 621 vestra
680 582 795 621 liceat
827 583 968 621 dixisse
988 613 999 634 ,
1031 593 1211 621 sorores:

164 639 239 678 Vos
271 641 365 678 estis
398 647 554 679 nostrae
586 642 750 679 maxima
783 652 899 679 causa
929 641 1064 690 fugae.

161 697 289 748 thue
322 697 428 736 dedit
458 700 580 737 iustas
612 700 714 737 tauri
745 697 953 737 fabricator
985 699 1095 749 aeni,

165 755 228 794 Sic
261 768 331 806 ego
364 756 412 794 do
444 768 588 807 poenas
621 756 770 795 artibus
802 758 884 807 ipse
915 757 1035 794 meis.

162 813 224 852 Nil
254 813 350 852 mihi
382 813 547 852 debebat
579 826 668 852 cum
699 814 878 852 versibus
912 813 1075 864 amplius
1107 825 1217 865 esse,

99 878 142 909 50
163 871 260 909 Cum
292 872 468 921 fugerem
487 903 499 924 ‚
529 873 669 910 merito
701 872 911 922 naufragus
932 902 943 924 ‚
974 883 1088 910 omne
1119 872 1285 910 fretum.

160 929 237 980 At,
268 934 393 980 put0,
425 931 458 967 si
490 929 650 968 demens
682 930 854 968 studium
885 929 998 969 fatale
1031 935 1285 980 retemptem‚

161 986 234 1025 Hic
266 986 360 1025 mihi
390 987 593 1038 praebebit
625 989 808 1026 carminis
840 999 946 1026 arma
975 987 1110 1026 loeus.

162 1044 248 1083 Non
273 1044 372 1083 liber
397 1045 461 1084 hic
486 1045 610 1097 ullus,
636 1057 734 1097 non,
762 1047 827 1096 qui
853 1046 948 1085 mihi
974 1045 1193 1084 commodet
1219 1056 1372 1096 aurem,

162 1101 366 1153 Verbaque
398 1104 619 1154 significent
651 1103 743 1154 quid
775 1116 890 1155 mea,
921 1105 1055 1154 norit,
1087 1103 1217 1141 adest.

100 1167 142 1199 55
164 1159 301 1198 Omnia
333 1160 535 1200 barbariae
567 1161 651 1200 loca
683 1168 775 1200 sunt
804 1163 988 1212 vocisque
1022 1162 1192 1212 ferinae,

162 1217 377 1269 Omniaque
409 1219 560 1258 hostilis
591 1219 704 1270 plena
735 1220 874 1258 timore
908 1220 1016 1258 soni.

160 1275 248 1327 Ipse
280 1277 374 1315 mihi
405 1277 538 1316 videor
563 1279 639 1316 iam
671 1277 902 1316 dedidicisse
934 1277 1092 1316 Latine:

161 1333 258 1372 Nam
290 1335 407 1373 didici
438 1335 571 1374 Getice
605 1335 895 1386 Sarmaticeque
927 1335 1057 1386 loqui.

161 1391 241 1430 Nec
272 1397 430 1444 tamen,
463 1399 506 1432 ut
537 1405 672 1432 verum
704 1394 825 1431 fatear
856 1393 927 1432 tibi
945 1425 955 1445 ,
988 1398 1120 1432 nostra
1151 1394 1277 1431 teneri

99 1458 142 1489 60
161 1451 191 1488 A
224 1450 491 1501 componendo
524 1453 693 1489 carmine
726 1451 834 1489 Musa
865 1456 1016 1501 potest.

163 1507 379 1547 Scribimus
411 1513 450 1547 et
481 1511 649 1560 scriptos
681 1508 921 1547 absumimus
953 1510 1042 1560 igne
1073 1508 1246 1548 libellos:

161 1565 300 1605 Exitus
332 1572 392 1605 est
424 1566 543 1606 studii
572 1578 690 1618 parva
722 1567 848 1605 favilla
879 1568 980 1606 mei.

160 1624 241 1662 Nec
272 1636 431 1675 possum
464 1631 502 1664 et
534 1626 648 1676 cupio
680 1637 758 1663 non
789 1624 916 1663 nullos
949 1625 1092 1664 ducere
1124 1637 1284 1664 versus:

160 1681 325 1721 Ponitur
356 1683 502 1722 idcirco
534 1689 667 1722 noster
698 1685 738 1722 in
769 1684 858 1734 igne
890 1683 1022 1735 labor,

98 1747 141 1779 65
161 1739 241 1778 Nec
272 1742 348 1779 nisi
378 1753 468 1791 pars
501 1753 593 1780 casu
624 1741 788 1780 flammis
820 1747 954 1793 erepta
984 1741 1120 1780 dolove

161 1798 218 1836 Ad
250 1810 316 1837 vos
348 1800 493 1850 ingenii
524 1801 702 1850 pervenit
732 1799 809 1838 ulla
840 1801 940 1839 mei.

163 1855 227 1894 Sic
259 1858 405 1895 utinam
424 1888 435 1909 ‚
468 1869 565 1907 quae
598 1857 651 1896 nil
684 1864 923 1896 metuentem
953 1857 1029 1897 tale
1061 1859 1288 1908 magistrum

160 1913 363 1967 Perdidit,
394 1916 435 1953 in
467 1916 619 1954 cineres
651 1916 723 1954 Ars
755 1927 840 1955 mea
871 1928 983 1955 versa
1015 1915 1137 1955 foret!

641 2043 768 2089 XIII.

161 2145 269 2185 Hanc
301 2151 392 2185 tuus
425 2159 453 2204 e·
477 2146 609 2186 Getico
641 2148 760 2186 mittit
791 2147 860 2185 tibi
892 2147 992 2186 Naso
1026 2146 1188 2186 salutem
1207 2179 1217 2199 ‚

160 2203 314 2243 Mittere
346 2207 379 2243 si
411 2206 614 2256 quisquam
634 2236 644 2256 ‚
678 2218 753 2256 quo
786 2211 893 2244 caret
923 2207 1035 2257 ipse,
1067 2211 1214 2256 potest<

159 2263 286 2313 Aeger
318 2265 420 2302 enim
451 2265 550 2302 traxi
582 2265 757 2314 contagia
790 2275 953 2314 corpore
985 2265 1151 2314 mentis,

1113 2328 1160 2362 7*
