1575 2489
528 69 589 103 IV.
614 77 647 102 11
667 71 808 103 30--111
827 71 882 102 49.
1287 68 1370 110 189

157 177 223 216 Ille
256 189 326 228 ego
346 208 357 229 ,
389 178 457 228 qui
486 178 637 228 primus
669 182 735 216 tua
766 178 867 216 seria
898 188 1014 215 nosse
1046 176 1217 216 solebam

214 235 263 274 Et
293 234 365 273 tibi
396 235 577 274 iucundis
609 237 758 286 prImus
791 235 926 274 adesse
958 236 1078 274 iocis:

94 301 135 332 15
155 293 222 332 Ille
255 305 325 344 ego
358 294 557 331 convictor
589 293 786 344 densoque
819 293 1057 332 domesticus
1089 305 1187 345 usu,

214 351 281 390 Ille
313 363 383 402 ego
415 351 569 390 iudiciis
602 353 715 390 unica
746 351 855 390 Musa
886 350 987 390 tuis!

156 409 222 448 Ille
255 421 324 460 ego
357 421 443 448 sum
463 440 473 460 ,
506 411 573 460 qui
604 421 708 448 nunc
741 421 788 448 an
821 411 943 448 vivam
962 440 973 461 ,
1004 410 1185 462 perfide,
1217 410 1368 460 nescis,

215 467 315 506 Cura
346 467 418 506 tibi
449 467 496 506 de
529 480 605 518 quo
639 480 827 518 quaerere
860 467 964 506 nulla
996 468 1090 507 fuit.

157 525 244 564 Sive
276 526 332 564 fui
363 537 575 576 numquam
608 538 720 564 carus
739 558 750 578 ,
783 526 985 564 simulasse
1018 526 1175 565 fateris:

91 591 136 623 20
215 583 293 622 Seu
325 595 404 622 non
435 583 636 636 fingebas,
669 585 867 623 inveniere
900 584 1017 623 levis.

154 642 229 680 Aut
260 654 329 693 age
348 674 359 694 ,
391 642 453 681 dic
485 642 680 694 aliquam,
714 654 811 693 quae
844 648 881 681 te
915 643 1151 693 mutaverit,
1183 642 1303 680 iram:

213 699 308 738 Nam
340 701 415 739 nisi
446 702 546 739 iusta
578 706 645 739 tua
678 707 764 751 est,
796 702 895 739 iusta
929 700 1102 751 querella
1133 711 1217 737 mea
1249 705 1330 738 est.

154 758 266 804 Quod
298 764 335 797 te
362 771 466 797 nunc
499 760 647 797 crimen
679 758 845 797 similem
871 764 974 797 vetat
999 770 1085 796 esse
1116 755 1274 808 priori?
1294 765 1368 797 (110)

212 818 270 855 An
303 818 451 855 crimen
470 847 481 868 ,
514 819 624 867 coepi
657 816 760 867 quod
791 817 910 854 miser
943 828 1029 854 esse
1048 847 1059 867 ,
1090 813 1239 854 vocas?

89 882 132 913 25
155 875 194 913 Si
225 874 320 913 mihi
351 874 469 914 rebus
502 887 614 926 opem
646 874 791 913 nullam
824 874 1014 924 factisque
1046 873 1223 925 ferebas,

212 932 389 971 Venisset
419 932 547 971 verbis
580 932 712 971 charta
744 937 875 971 notata
906 932 1056 971 tribus.

152 990 221 1029 Vix
254 990 433 1041 equidem
466 990 583 1029 credo
602 1022 613 1042 ,
646 990 714 1029 sed
746 996 785 1029 et
816 990 1004 1029 insultare
1036 991 1179 1029 iacenti

211 1049 265 1087 Te
297 1049 421 1101 mihi,
454 1061 526 1088 nec
558 1048 687 1087 verbis
719 1061 881 1099 parcere
914 1049 1015 1087 fama
1046 1049 1190 1087 refert.

153 1106 253 1152 Quid
286 1108 380 1146 facis
399 1139 409 1159 ,
440 1106 489 1146 a!
534 1107 693 1146 demens
713 1105 734 1146 ‘z'
778 1119 848 1146 cur
867 1138 878 1159 ,
910 1109 941 1145 si
974 1108 1130 1146 fortuna
1161 1105 1343 1157 recedat,

89 1173 132 1205 30
211 1165 419 1216 Naufragio
453 1165 631 1204 lacrimas
664 1166 784 1216 eripis
816 1167 899 1216 ipse
932 1163 1035 1204 tuo?

154 1223 257 1262 Haec
289 1224 359 1262 dea
391 1235 468 1262 non
502 1223 658 1275 stabili,
691 1235 805 1274 quam
838 1225 888 1262 sit
919 1223 1041 1276 levis,
1073 1222 1167 1262 orbe
1201 1223 1367 1274 fatetur,

213 1282 336 1327 Quem
369 1293 564 1321 summum
597 1281 713 1320 dubio
746 1281 818 1321 suh
851 1281 948 1332 pede
982 1293 1138 1332 semper
1169 1281 1309 1321 habet.

155 1340 337 1386 Quolibet
369 1346 428 1379 est
459 1340 579 1391 folio,
613 1341 747 1391 quavis
779 1341 967 1379 incertior
999 1352 1115 1379 aura:

210 1398 285 1437 Par
315 1398 371 1437 illi
402 1398 565 1450 levitas,
598 1398 803 1450 improbe,
836 1398 916 1436 sola
951 1404 1016 1437 tua
1048 1403 1130 1437 est.

89 1465 132 1496 35
153 1456 290 1495 Omnia
322 1462 414 1495 sunt
444 1456 646 1494 hominum
678 1457 789 1495 tenui
818 1456 1028 1506 pendentia
1059 1455 1149 1507 filo,

211 1514 259 1554 Et
291 1515 419 1554 subito
453 1526 545 1553 casu
577 1527 675 1565 quae
707 1514 891 1567 valuere,
924 1519 1067 1553 ruunt.

153 1574 288 1612 Divitis
320 1573 450 1612 audita
482 1578 542 1612 est
573 1574 637 1611 cui
668 1584 746 1611 non
779 1572 976 1623 opulentia
1008 1570 1177 1611 Croesi?

211 1631 357 1683 Nempe
390 1637 519 1670 tamen
552 1633 668 1670 vitam
701 1636 837 1682 captus
869 1630 915 1669 ab
947 1631 1059 1670 hoste
1091 1630 1202 1670 tulit.

153 1690 219 1729 Ille
253 1690 454 1741 Syracosia
486 1689 599 1728 modo
631 1690 861 1728 formidatus
893 1691 933 1727 in
966 1689 1063 1728 urbe

91 1756 134 1787 40
212 1747 282 1786 Vix
314 1747 452 1786 humili
483 1747 618 1786 duram
650 1747 822 1799 reppulit
854 1753 936 1786 arte
968 1748 1132 1787 famem.

155 1806 254 1852 Quid
288 1806 414 1844 fuerat
445 1805 581 1856 Magno
614 1807 737 1845 maius
757 1804 778 1844 P
822 1811 951 1845 tamen
982 1806 1045 1844 ille
1078 1807 1227 1857 rogavit

214 1865 427 1904 Summissa
458 1864 611 1914 fugiens
643 1876 736 1902 voce
768 1864 922 1903 clientis
954 1876 1090 1916 opem.

155 1923 302 1974 Cuique
334 1924 416 1961 viro
448 1927 555 1961 totus
586 1928 781 1961 terrarum
813 1924 942 1973 paruit
974 1922 1103 1974 orbis,

214 1981 389 2032 [Indigus
422 1981 583 2020 effectus
616 1979 796 2019 omnibus
828 1982 910 2031 ipse
943 1983 1064 2031 magis
1080 1980 1105 2030 .]

91 2047 134 2079 45
154 2040 221 2078 Ille
252 2039 482 2091 Iugurthino
515 2039 642 2078 clarus
675 2038 910 2089 Cimbroque
943 2039 1166 2090 triumpho,
1293 2046 1366 2078 (111)

213 2098 297 2144 Quo
328 2099 467 2136 victrix
501 2099 643 2136 totiens
676 2096 834 2136 consule
868 2097 989 2135 Roma
1020 2097 1116 2148 fuit,

154 2156 197 2195 In
230 2167 347 2194 caeno
379 2155 523 2195 Marius
554 2157 674 2196 iacuit
705 2167 905 2206 cannaque
937 2155 1126 2207 palustri,

211 2213 377 2253 Pertulit
408 2220 447 2253 et
477 2220 583 2253 tanto
616 2214 736 2253 multa
768 2213 948 2265 pudenda
979 2215 1084 2252 viro.

154 2271 269 2312 Ludit
298 2273 339 2311 in
370 2272 548 2312 humanis
582 2273 708 2312 divina
739 2273 912 2324 potentia
943 2271 1084 2321 rebus,
