1575 2489
580 71 607 104 1.
635 73 831 104 387—458.
1281 71 1366 112 225

214 179 323 218 Sicut
354 184 437 217 erat
467 178 555 217 lusu
588 179 688 217 fessa
707 210 717 229 ,
749 180 895 229 quievit
926 178 1067 217 humo.

65 244 133 276 425
154 236 287 286 Surgit
319 248 479 287 amans,
511 237 755 287 animamque
787 241 924 275 tenens
956 238 1117 286 vestigia
1148 237 1283 276 furtim

213 294 410 345 Suspenso
444 294 573 344 digitis
605 295 683 333 fert
714 295 906 333 taciturna
937 294 1082 344 gradu.

153 351 203 391 Ut
235 353 362 403 tetigit
392 353 526 390 niveae
558 358 708 390 secreta
741 352 882 391 cubilia
913 352 1127 404 nymphae,

211 409 297 460 Ipsa
329 411 389 448 sui
420 409 533 448 ssatus
566 422 614 448 ne
647 416 759 448 sonet
790 422 881 448 aura
901 441 912 461 ‚
944 416 1074 449 cavet.

153 466 201 505 Et
232 469 306 505 iam
338 468 501 506 finitima
532 479 674 518 corpus
706 467 870 506 librabat
900 469 940 506 in
971 467 1115 507 herba:

66 533 134 564 430
212 525 278 563 Illa
310 532 438 563 tamen
470 525 582 564 multi
613 525 724 576 plena
757 527 909 576 soporis
942 532 1045 565 erat.

154 582 331 634 Gaudet,
364 589 403 621 et
434 595 452 620 a
486 582 650 634 pedibus
683 588 805 622 tracto
838 583 1025 622 velamine
1058 589 1143 622 vota

209 640 266 678 Ad
298 653 367 679 sua
398 640 501 678 felici
533 647 715 691 coeperat
745 643 802 679 ire
834 643 916 679 via.

153 697 254 736 Ecce
286 697 431 737 rudens
463 710 580 737 rauco
615 698 734 736 Sileni
766 704 898 737 vector
930 698 1070 737 asellus

211 755 508 807 Intempestivos
541 756 660 794 edidit
691 768 759 794 ore
791 768 930 795 sonos.

65 821 132 852 435
153 813 305 852 Territa
338 815 540 864 consurgit
570 814 737 865 nymphe
756 845 767 865 ,
799 813 1054 864 manibusque
1086 812 1268 865 Priapum

210 872 336 910 Reicit
354 903 365 923 ,
397 878 436 910 et
467 873 619 922 fugiens
652 873 820 910 concitat
851 883 964 910 omne
997 883 1157 910 nemus.

151 929 200 968 At
232 929 357 980 deus,
390 929 558 967 obscena
590 931 751 968 nimium
784 941 939 980 quoque
970 936 1079 980 parte
1111 935 1292 981 paratus,

210 986 400 1025 Omnibus
433 987 478 1025 ad
510 987 624 1025 lunae
656 987 800 1026 lumina
833 989 935 1026 risus
968 993 1072 1026 erat.

152 1044 275 1083 Morte
309 1045 415 1083 dedit
446 1057 591 1096 poenas
623 1050 758 1084 auctor
792 1045 993 1084 clamoris:
1038 1051 1077 1083 et
1107 1045 1201 1085 haec
1235 1052 1293 1085 est

63 1110 131 1141 440
209 1102 520 1152 Hellespontiaco
552 1104 705 1141 victima
737 1109 843 1153 grata
876 1104 970 1141 deo.

150 1159 319 1198 Intactae
351 1161 513 1198 fueratis
545 1172 663 1212 aves,
697 1161 836 1199 solacia
867 1162 994 1211 ruris,

208 1218 422 1256 Adsuetum
455 1218 559 1256 silvis
591 1220 880 1269 innocuumque
912 1230 1059 1270 genus,

152 1275 258 1321 Quae
291 1276 417 1314 facitis
449 1276 590 1328 nidos,
622 1288 720 1326 quae
751 1277 893 1327 plumis
925 1289 995 1314 ova
1026 1277 1186 1329 fovetis,

209 1333 259 1372 Et
292 1334 393 1372 facili
426 1333 558 1372 dulces
591 1334 704 1372 editis
737 1346 803 1372 ore
836 1334 993 1373 modos.

63 1399 131 1430 445
154 1391 229 1430 Sed
262 1391 316 1429 nil
348 1393 419 1430 ista
451 1393 611 1444 iuvant,
644 1394 732 1442 quia
764 1392 916 1442 linguae
949 1394 1097 1431 crimen
1128 1392 1302 1445 habetis,

208 1449 331 1499 Dique
363 1455 502 1499 putant
533 1455 683 1488 mentes
716 1462 782 1487 vos
815 1452 966 1500 aperire
999 1462 1110 1490 suas,

149 1506 229 1545 Nec
260 1513 389 1545 tamen
420 1506 494 1545 hoc
526 1506 688 1546 falsum:
732 1519 820 1545 nam
839 1539 851 1559 ‚
883 1508 941 1546 dis
973 1514 1017 1546 ut
1047 1510 1222 1559 proxima

873 1577 1073 1618 quaeque,

207 1622 318 1662 Nunc
350 1624 467 1674 pinna
499 1635 639 1675 veras,
671 1635 775 1662 nunc
807 1623 905 1662 datis
938 1636 1005 1662 ore
1036 1630 1171 1663 notas.

150 1681 248 1719 Tuta
281 1681 346 1719 diu
377 1681 579 1720 volucrum
611 1681 740 1732 proles
772 1687 855 1720 turn
887 1681 1055 1732 denique
1087 1694 1197 1721 caesa
1230 1689 1312 1735 est,

63 1746 130 1777 450
209 1739 473 1789 Iuveruntque
506 1739 600 1778 deos
631 1739 770 1778 indicis
802 1746 890 1779 exta
922 1742 1004 1778 sui.

150 1796 252 1847 Ergo
286 1808 399 1847 saepe
432 1809 502 1835 suo
535 1799 704 1836 coniunx
735 1797 899 1836 abducta
930 1800 1068 1837 marito

209 1854 344 1893 Uritur
375 1854 504 1893 Idaliis
535 1855 619 1893 alba
652 1855 829 1894 columba
860 1856 979 1895 focis.

149 1912 228 1951 Nec
261 1912 418 1951 defensa
450 1915 584 1951 iuvant
615 1913 828 1965 Capitolia,
861 1926 936 1964 quo
968 1916 1097 1953 minus
1130 1927 1245 1954 anser

207 1970 281 2009 Det
311 1973 421 2010 iecur
452 1973 492 2010 in
523 1971 653 2010 lances
672 2003 682 2023 ,
714 1971 846 2010 Inachi
877 1972 978 2011 lauta
997 2004 1008 2024 ‚
1040 1979 1149 2012 tuas.

64 2036 130 2067 455
150 2028 271 2067 Nocte
303 2029 397 2068 deae
428 2029 541 2068 Nocti
573 2031 755 2069 cristatus
788 2029 962 2068 caeditur
994 2030 1096 2082 ales,

209 2087 320 2132 Quod
352 2087 526 2138 tepidum
559 2088 661 2139 vigili
691 2094 877 2140 provocet
907 2100 974 2126 ore
1007 2089 1132 2128 diem.

149 2144 301 2183 Interea
333 2145 496 2197 Delphin
528 2146 674 2185 clarum
707 2159 824 2198 super
856 2158 1025 2197 aequora
1057 2147 1163 2186 sidus

207 2202 401 2256 Tollitur,
433 2210 472 2243 et
502 2206 638 2256 patriis
670 2207 794 2244 exerit
826 2217 893 2243 ora
924 2204 1050 2243 vadis.

104 2331 209 2360 OVID.
246 2335 303 2359 ΠΙ.
1107 2332 1148 2364 15
