1575 2489
179 78 261 119 100
728 79 951 111 TRISTIUM

293 186 433 224 Libera
463 191 657 225 tormento
689 196 779 235 pars
811 184 905 223 mihi
935 197 983 223 ne
1016 197 1091 235 qua
1121 192 1254 237 vacet,

254 252 274 283 5
294 244 447 294 Perque
479 243 560 281 dies
592 242 734 281 multos
766 242 898 280 lateris
930 243 1166 282 cruciatibus
1198 255 1315 295 uror,

296 300 373 339 Seu
405 313 466 339 me
498 312 576 338 non
607 300 758 338 modico
791 300 936 350 frigore
967 300 1078 339 laesit
1108 300 1256 339 hiems.

296 358 338 396 Si
369 364 497 397 tamen
528 360 611 408 ipse
642 357 746 396 vales
764 388 774 408 ,
806 357 932 408 aliqua
963 370 1033 396 nos
1065 364 1175 409 parte
1206 358 1400 399 valemus:

296 415 447 466 Quippe
479 428 564 454 mea
596 421 656 454 est
687 417 832 454 umeris
863 415 960 454 fulta
990 417 1103 454 ruina
1134 418 1240 467 tuis,

297 473 402 525 Qui,
433 473 528 512 mihi
559 485 649 512 cum
680 472 834 511 dederis
865 474 1037 524 ingentia
1067 475 1229 524 pignora
1260 485 1427 525 cumque

235 540 276 570 10
296 530 371 569 Per
403 542 588 570 numeros
620 543 755 569 omnes
786 530 859 569 hoc
891 536 1024 569 tueare
1057 537 1195 582 caput,

297 588 409 633 Quod
440 595 506 628 tua
537 601 597 627 me
630 600 718 627 raro
752 588 898 627 solatur
929 589 1114 640 epistola,
1145 601 1305 640 peccas.

297 646 444 685 Remne
477 648 579 698 piam
609 652 782 698 praestas
802 677 813 697 ,
844 647 877 684 si
908 646 1003 684 mihi
1033 646 1150 685 verba
1182 644 1333 697 negas?

296 704 408 756 Hoc,
439 717 608 756 precor,
640 703 830 742 emenda!
881 703 983 754 quod
1016 705 1049 741 si
1080 706 1298 742 correxeris
1330 716 1474 756 unum,

297 761 435 800 Nullus
468 764 508 800 in
540 764 694 813 egregio
728 773 892 812 corpore
924 773 1068 800 naevus
1101 763 1196 801 erit.

237 829 277 858 15
299 819 480 859 Pluribus
512 832 690 859 accusem
709 851 720 871 ,
752 820 837 857 fieri
868 821 944 857 nisi
975 820 1127 870 possit,
1158 825 1202 857 ut
1233 820 1279 858 ad
1310 832 1372 859 me

297 876 446 916 Littera
476 890 554 916 non
586 879 741 929 veniat,
773 879 891 915 missa
922 878 972 915 sit
1003 876 1067 915 illa
1099 883 1249 915 tamen.

298 935 348 973 Di
379 935 521 974 faciant
539 967 550 987 ,
580 941 624 974 ut
655 937 705 974 sit
735 936 940 973 temeraria
972 941 1105 973 nostra
1137 934 1331 985 querella,

299 992 431 1043 Teque
462 999 596 1044 putem
628 992 722 1031 falso
755 1005 832 1031 non
864 994 1086 1030 meminisse
1119 992 1217 1031 mei!

300 1050 412 1095 Quod
436 1063 600 1102 precor,
621 1062 706 1089 esse
732 1050 876 1101 liquet.
908 1062 1035 1101 neque
1061 1051 1164 1088 enim
1184 1050 1366 1089 mutabile
1386 1050 1508 1089 robur

236 1116 279 1147 20
301 1108 469 1147 Credere
501 1121 562 1147 me
595 1109 650 1146 fas
684 1114 743 1146 est
773 1109 945 1158 pectoris
977 1119 1061 1146 esse
1096 1109 1174 1146 tui.

300 1166 402 1204 Cana
432 1167 543 1216 prius
575 1165 700 1215 gelido
733 1166 861 1203 desint
891 1165 1082 1203 absinthia
1113 1165 1262 1218 Ponto,

300 1223 348 1262 Et
380 1230 509 1262 careat
540 1223 644 1262 dulci
675 1222 872 1261 Trinacris
904 1222 1026 1273 Hybla
1056 1222 1211 1274 thymo,

300 1281 559 1320 Inmemorem
590 1293 706 1332 quam
735 1287 774 1319 te
807 1282 1011 1331 quisquam
1043 1282 1246 1319 convincat
1277 1282 1411 1320 amici.

299 1339 385 1377 Non
417 1341 470 1377 ita
501 1345 592 1378 sunt
623 1339 691 1377 fati
723 1340 885 1377 stamina
916 1340 1026 1389 nigra
1057 1338 1156 1377 mei!

237 1405 280 1435 25
301 1397 360 1436 Tu
392 1403 546 1449 tamen,
576 1403 620 1435 ut
650 1398 776 1447 possis
808 1396 923 1435 falsae
956 1408 1111 1446 quoque
1142 1396 1286 1447 pellere
1319 1396 1453 1448 culpae

301 1454 499 1506 Crimina,
532 1455 635 1505 quod
666 1466 744 1493 non
776 1466 847 1506 es,
878 1466 927 1492 ne
958 1453 1113 1492 videare
1132 1486 1142 1506 ,
1174 1453 1287 1493 cave!

300 1512 427 1563 thue
460 1512 679 1551 solebamus
711 1523 940 1550 consumere
973 1512 1085 1563 longa
1115 1512 1308 1563 loquendo

300 1570 521 1622 Tempora,
554 1581 773 1609 sermonem
805 1570 1007 1608 deficiente
1040 1570 1124 1621 die,

303 1628 366 1667 Sic
399 1629 496 1667 ferat
527 1640 571 1667 ac
602 1629 748 1666 referat
779 1629 914 1666 tacitas
945 1640 1049 1666 nunc
1080 1628 1208 1667 littera
1240 1639 1380 1681 voceS,

239 1694 282 1725 30
302 1686 351 1724 Et
382 1692 568 1737 peragant
597 1685 750 1736 linguae
783 1685 914 1724 charta
946 1698 1160 1736 manusque
1192 1688 1318 1725 viceS.

302 1744 413 1788 Quod
445 1744 527 1782 fore
558 1755 606 1782 ne
639 1745 802 1782 nimium
833 1743 962 1782 videar
994 1744 1194 1796 diffidere,
1226 1746 1353 1794 sitque

300 1801 486 1840 Versibus
518 1802 591 1840 hoc
622 1803 756 1852 paucis
788 1802 1033 1840 admonuisse
1066 1804 1182 1853 satis,

302 1860 443 1910 Accipe
462 1891 473 1912 ‚
505 1872 580 1910 quo
613 1871 767 1910 semper
798 1860 932 1898 finitur
964 1859 1125 1910 epistula
1156 1859 1298 1911 verbo,

302 1919 426 1968 Atque
445 1948 456 1965 ,
488 1919 584 1956 meis
616 1917 761 1956 distent
791 1923 834 1956 ut
865 1923 931 1956 tua
962 1918 1038 1956 sata
1056 1948 1066 1969 ,
1098 1916 1202 1956 vale!

783 2043 905 2090 XIV.

304 2147 454 2192 Quanta
484 2147 555 2186 tibi
587 2148 760 2186 dederim
791 2149 936 2186 nostris
968 2153 1219 2186 monumenta
1249 2146 1411 2198 libellis,

302 2204 333 2243 Ο
366 2206 460 2244 mihi
491 2218 551 2244 me
584 2208 752 2245 coniunx
784 2207 938 2258 carior,
969 2207 1053 2256 ipsa
1083 2206 1212 2244 vides.

304 2262 485 2302 Detrahat
517 2266 666 2303 auctori
698 2263 862 2302 multum
894 2264 1048 2302 fortuna
1067 2295 1078 2315 ,
1109 2263 1261 2302 licebit:
