1601 2484
175 64 231 108 38
722 68 946 100 TRISTIUM

589 192 771 246 LIBER
809 193 1083 248 TERTIUS.

822 314 858 361 I.

294 405 448 446 eMissus
480 409 519 446 in
551 407 651 445 hanc
683 408 794 445 venio
827 407 960 446 timide
979 438 990 459 7
1027 406 1126 446 liber
1158 406 1312 458 exulis,
1343 405 1504 444 urbem:

293 465 346 504 Da
377 465 566 517 placidam
598 465 700 503 fesso
719 496 730 516 ‚
762 464 884 503 lector
916 466 1066 517 amice,
1099 476 1278 516 manum3

292 523 396 562 Neve
428 523 667 575 reformida,
699 535 746 561 ne
780 525 852 561 sim
884 523 954 562 tibi
985 524 1085 561 forte
1118 523 1282 574 pudori:

293 581 428 621 Nullus
460 584 501 620 in
532 582 603 620 1130
636 581 769 620 charta
800 593 937 620 versus
969 593 1096 620 amare
1129 581 1265 619 docet.

253 647 272 677 5
293 639 395 679 Haec
428 640 575 679 domini
606 641 761 678 fortuna
792 641 870 678 mei
901 645 989 692 est,
1020 645 1064 678 ut
1095 638 1233 677 debeat
1264 638 1367 677 illam

292 697 429 736 Infelix
461 698 578 737 nullis
610 697 855 736 dissimulare
887 699 1005 737 iocis.

293 755 334 794 Id
368 768 523 807 quoque
544 788 554 807 ,
587 756 690 807 quod
715 756 829 794 viridi
856 756 1050 806 quondam
1077 755 1174 793 male
1206 755 1300 794 lusit
1324 756 1364 793 in
1390 766 1506 805 aevo,

292 813 377 853 Heu
410 816 572 853 nimium
605 813 722 853 sero!
755 814 910 853 damnat
942 820 981 853 et
1011 813 1093 852 odit
1124 825 1245 864 opus.

292 871 473 924 Inspice,
507 873 598 923 quid
631 872 811 923 portem!
857 872 952 911 nihil
990 872 1053 910 hic
1085 873 1160 910 nisi
1191 872 1302 910 triste
1335 871 1507 922 videbis,

231 938 272 968 10
293 930 470 969 Carmine
502 930 744 982 temporibus
776 932 1030 969 conveniente
1063 931 1167 968 suis.

293 988 435 1027 Clauda
469 989 571 1039 quod
604 989 753 1027 alterno
786 989 993 1027 subsidunt
1026 989 1196 1026 carmina
1226 1000 1367 1040 versu,

293 1046 360 1084 Vel
391 1046 501 1097 pedis
533 1047 607 1085 hoc
640 1049 738 1086 ratio
757 1078 767 1098 ‚
800 1047 859 1085 vel
891 1048 949 1085 via
980 1047 1093 1096 longa
1125 1047 1236 1097 sacit3

293 1104 405 1149 Quod
437 1117 564 1155 neque
598 1117 684 1143 sum
717 1105 832 1143 cedro
865 1105 986 1143 ssavus
1018 1116 1091 1143 nec
1122 1106 1276 1155 pumice
1309 1103 1426 1155 levis,

292 1161 443 1200 Erubui
475 1163 630 1201 domino
664 1163 805 1201 cultior
837 1175 921 1201 esse
955 1174 1068 1213 1110ος

230 1228 271 1258 15
293 1219 438 1258 Littera
471 1222 636 1259 suffusas
669 1221 772 1271 quod
804 1220 921 1258 habet
952 1220 1147 1258 maculosa
1178 1219 1338 1270 lituras,

290 1277 421 1317 Laesit
451 1290 549 1330 opus
582 1278 750 1317 lacrimis
782 1280 866 1329 ipse
898 1283 1011 1329 poeta
1042 1289 1179 1316 suum.

293 1336 412 1387 Siqua
443 1336 679 1376 videbuntur
712 1349 803 1375 casu
836 1349 913 1375 non
946 1337 1047 1375 dicta
1078 1336 1237 1388 Latine,

292 1394 336 1433 In
369 1407 443 1445 qua
475 1395 671 1434 scribebat
689 1426 699 1447 ‚
732 1394 895 1433 barbara
927 1400 1031 1433 terra
1064 1394 1159 1432 suit.

292 1453 416 1491 Dicite
435 1485 446 1505 ‚
477 1453 645 1492 lectores
665 1484 675 1504 ‚
708 1455 740 1491 si
772 1465 848 1491 non
881 1464 995 1503 grave
1014 1484 1024 1504 ‚
1057 1464 1131 1502 qua
1165 1453 1214 1490 sit
1245 1451 1440 1503 eundum,

230 1518 272 1549 20
293 1511 476 1562 Quasque
509 1517 637 1561 petam
670 1511 782 1549 sedes
814 1511 956 1561 hospes
987 1512 1027 1548 in
1058 1509 1162 1548 Urbe
1194 1509 1292 1548 liber
1308 1506 1330 1548 .'

292 1569 395 1607 Haec
428 1569 494 1608 ubi
527 1582 613 1607 sum
645 1570 778 1607 furtim
810 1569 940 1619 lingua
971 1568 1163 1607 titubante
1195 1568 1373 1620 locutus,

294 1628 369 1673 Qui
400 1627 495 1665 mihi
527 1633 792 1678 monstraret,
824 1628 886 1664 vix
919 1627 992 1665 fuit
1024 1639 1125 1665 unus
1145 1658 1155 1678 ‚
1186 1627 1284 1666 iter.

293 1683 354 1723 ‘Di
386 1685 457 1724 tibi
488 1686 609 1737 dent,
641 1692 776 1723 nostro
809 1684 912 1735 quod
944 1697 1022 1723 non
1053 1684 1228 1723 tribuere
1259 1690 1419 1736 poetae,

293 1743 459 1782 Molliter
492 1745 531 1782 in
562 1745 687 1794 patria
718 1745 846 1781 vivere
879 1755 993 1793 posse
1026 1742 1114 1781 tua!

228 1809 272 1840 25
293 1800 375 1840 Duc
402 1814 470 1852 age
492 1801 500 1840 l
533 1814 699 1852 namque
727 1813 891 1853 sequar,
921 1802 1094 1851 quamvis
1122 1806 1304 1851 terraque
1331 1802 1506 1851 marique

292 1859 521 1910 Longinquo
554 1860 721 1898 referam
752 1860 876 1897 lassus
908 1859 954 1897 ab
987 1859 1080 1897 orbe
1113 1859 1250 1910 pedem
1267 1855 1291 1897 .'

292 1918 456 1970 Paruit,
489 1923 527 1956 et
558 1918 705 1956 ducens
738 1915 856 1956 ‘Haeo
889 1923 980 1956 sunt
1012 1918 1095 1955 fora
1127 1913 1343 1969 Caesaris?
1381 1918 1508 1968 inquit

294 1973 413 2015 ‘Haec
446 1982 505 2014 est
537 1988 556 2014 a
589 1977 709 2014 sacris
742 1988 839 2026 quae
872 1977 929 2014 via
963 1987 1104 2013 nomen
1135 1974 1274 2026 habet,

292 2034 364 2073 Hic
395 2034 505 2073 100115
537 2039 596 2072 051
627 2033 764 2072 Vestae
785 2066 795 2086 ‚
834 2035 901 2084 qui
932 2033 1085 2072 Pallada
1118 2038 1246 2071 servat
1285 2038 1324 2072 et
1354 2034 1507 2084 ignem,

228 2100 272 2131 30
293 2092 396 2131 Haec
428 2093 502 2131 fuit
533 2093 683 2143 antiqui
714 2093 818 2143 regia
850 2104 967 2142 parva
998 2091 1145 2130 Numae
1159 2088 1184 2129 .'

292 2150 385 2189 Inde
418 2155 554 2201 petens
587 2150 762 2189 dextram
794 2147 927 2189 ‘Porta
959 2146 1034 2188 est'
1067 2151 1119 2188 ait
1151 2146 1239 2188 ‘ista
1271 2149 1415 2200 Palati,

293 2209 364 2247 Hic
399 2208 557 2259 Stator,
589 2209 662 2247 1100
694 2210 864 2259 primum
897 2208 1050 2246 condita
1082 2207 1203 2246 Roma
1233 2208 1317 2246 loco
1351 2212 1410 2246 est
1424 2203 1448 2246 .'

292 2266 452 2318 Singula
484 2267 576 2306 dum
608 2268 758 2320 miror,
790 2267 901 2305 video
933 2266 1171 2316 fulgentibus
1204 2267 1321 2305 armis
