<?xml version="1.0" encoding="UTF-8"?>
<!DOCTYPE html PUBLIC "-//W3C//DTD XHTML 1.0 Transitional//EN"
    "http://www.w3.org/TR/xhtml1/DTD/xhtml1-transitional.dtd">
<html xmlns="http://www.w3.org/1999/xhtml" xml:lang="en" lang="en">
 <head>
  <title>
</title>
<meta http-equiv="Content-Type" content="text/html;charset=utf-8" />
  <meta name='ocr-system' content='tesseract 3.04.00' />
  <meta name='ocr-capabilities' content='ocr_page ocr_carea ocr_par ocr_line ocrx_word'/>
</head>
<body>
  <div class='ocr_page' id='page_1' title='image "./operaovid01oviduoft_0397.png"; bbox 0 0 1575 2489; ppageno 0'>
   <div class='ocr_carea' id='block_1_1' title="bbox 660 92 1464 132">
    <p class='ocr_par' dir='ltr' id='par_1_1' title="bbox 660 92 1464 132">
     <span class='ocr_line' id='line_1_1' title="bbox 660 92 1464 132; baseline 0.007 -6"><span class='ocrx_word' id='word_1_1' title='bbox 660 94 722 128; x_wconf 82' lang='lat' dir='ltr'>VI.</span> <span class='ocrx_word' id='word_1_2' title='bbox 749 95 944 126; x_wconf 85' lang='lat'>538—610.</span> <span class='ocrx_word' id='word_1_3' title='bbox 1380 92 1464 132; x_wconf 82' lang='lat'>340</span> 
     </span>
    </p>
   </div>
   <div class='ocr_carea' id='block_1_2' title="bbox 161 199 1462 2355">
    <p class='ocr_par' dir='ltr' id='par_1_2' title="bbox 161 199 1462 2355">
     <span class='ocr_line' id='line_1_2' title="bbox 309 199 1326 252; baseline -0.001 -12"><span class='ocrx_word' id='word_1_4' title='bbox 309 201 602 252; x_wconf 88' lang='lat' dir='ltr'>Caelestemque</span> <span class='ocrx_word' id='word_1_5' title='bbox 634 200 783 239; x_wconf 89' lang='lat' dir='ltr'>homini</span> <span class='ocrx_word' id='word_1_6' title='bbox 815 200 1075 240; x_wconf 82' lang='lat' dir='ltr'>concubuisse</span> <span class='ocrx_word' id='word_1_7' title='bbox 1106 199 1250 252; x_wconf 84' lang='lat' dir='ltr'>pudet,</span> <span class='ocrx_word' id='word_1_8' title='bbox 1283 221 1326 228; x_wconf 93' lang='lat'>—</span> 
     </span>
     <span class='ocr_line' id='line_1_3' title="bbox 163 259 1245 311; baseline -0.003 -11"><span class='ocrx_word' id='word_1_9' title='bbox 163 268 229 300; x_wconf 76' lang='lat'>575</span> <span class='ocrx_word' id='word_1_10' title='bbox 250 259 354 298; x_wconf 82' lang='lat' dir='ltr'><strong>Arsit</strong></span> <span class='ocrx_word' id='word_1_11' title='bbox 386 261 489 298; x_wconf 88' lang='lat' dir='ltr'>enim</span> <span class='ocrx_word' id='word_1_12' title='bbox 522 272 659 310; x_wconf 87' lang='lat' dir='ltr'>magno</span> <span class='ocrx_word' id='word_1_13' title='bbox 693 265 872 310; x_wconf 88' lang='lat' dir='ltr'>correpta</span> <span class='ocrx_word' id='word_1_14' title='bbox 904 259 1086 310; x_wconf 88' lang='lat' dir='ltr'>cupidine</span> <span class='ocrx_word' id='word_1_15' title='bbox 1119 260 1245 311; x_wconf 77' lang='lat' dir='ltr'>regis,</span> 
     </span>
     <span class='ocr_line' id='line_1_4' title="bbox 309 317 1294 368; baseline -0.001 -12"><span class='ocrx_word' id='word_1_16' title='bbox 309 318 509 368; x_wconf 82' lang='lat' dir='ltr'>Caecaque</span> <span class='ocrx_word' id='word_1_17' title='bbox 540 319 580 356; x_wconf 92' lang='lat' dir='ltr'>in</span> <span class='ocrx_word' id='word_1_18' title='bbox 611 318 685 356; x_wconf 91' lang='lat' dir='ltr'>hoc</span> <span class='ocrx_word' id='word_1_19' title='bbox 716 330 794 357; x_wconf 88' lang='lat' dir='ltr'>uno</span> <span class='ocrx_word' id='word_1_20' title='bbox 827 330 904 356; x_wconf 91' lang='lat' dir='ltr'>non</span> <span class='ocrx_word' id='word_1_21' title='bbox 937 318 1011 357; x_wconf 87' lang='lat' dir='ltr'>fuit</span> <span class='ocrx_word' id='word_1_22' title='bbox 1041 317 1105 356; x_wconf 90' lang='lat' dir='ltr'>illa</span> <span class='ocrx_word' id='word_1_23' title='bbox 1136 319 1218 355; x_wconf 85' lang='lat' dir='ltr'>viro</span> <span class='ocrx_word' id='word_1_24' title='bbox 1251 337 1294 343; x_wconf 88' lang='lat'>-</span> 
     </span>
     <span class='ocr_line' id='line_1_5' title="bbox 249 375 1348 427; baseline 0.001 -13"><span class='ocrx_word' id='word_1_25' title='bbox 249 376 371 415; x_wconf 81' lang='lat' dir='ltr'>Nocte</span> <span class='ocrx_word' id='word_1_26' title='bbox 403 376 561 414; x_wconf 90' lang='lat' dir='ltr'>domum</span> <span class='ocrx_word' id='word_1_27' title='bbox 593 388 709 427; x_wconf 88' lang='lat' dir='ltr'>parva</span> <span class='ocrx_word' id='word_1_28' title='bbox 742 375 853 415; x_wconf 87' lang='lat' dir='ltr'>solita</span> <span class='ocrx_word' id='word_1_29' title='bbox 885 382 945 415; x_wconf 90' lang='lat' dir='ltr'>est</span> <span class='ocrx_word' id='word_1_30' title='bbox 975 378 1122 415; x_wconf 89' lang='lat' dir='ltr'>intrare</span> <span class='ocrx_word' id='word_1_31' title='bbox 1154 375 1348 415; x_wconf 81' lang='lat' dir='ltr'>fenestra:</span> 
     </span>
     <span class='ocr_line' id='line_1_6' title="bbox 308 434 1183 485; baseline 0 -12"><span class='ocrx_word' id='word_1_32' title='bbox 308 434 417 473; x_wconf 87' lang='lat' dir='ltr'>Unde</span> <span class='ocrx_word' id='word_1_33' title='bbox 449 434 690 473; x_wconf 79' lang='lat' dir='ltr'>Fenestellae</span> <span class='ocrx_word' id='word_1_34' title='bbox 723 435 879 473; x_wconf 89' lang='lat' dir='ltr'>nomina</span> <span class='ocrx_word' id='word_1_35' title='bbox 910 439 1022 485; x_wconf 89' lang='lat' dir='ltr'>porta</span> <span class='ocrx_word' id='word_1_36' title='bbox 1054 440 1183 473; x_wconf 87' lang='lat' dir='ltr'>tenet.</span> 
     </span>
     <span class='ocr_line' id='line_1_7' title="bbox 249 492 1325 544; baseline -0.002 -12"><span class='ocrx_word' id='word_1_37' title='bbox 249 493 362 532; x_wconf 88' lang='lat' dir='ltr'>Nunc</span> <span class='ocrx_word' id='word_1_38' title='bbox 393 492 542 544; x_wconf 85' lang='lat' dir='ltr'>pudet,</span> <span class='ocrx_word' id='word_1_39' title='bbox 576 498 615 532; x_wconf 88' lang='lat' dir='ltr'>et</span> <span class='ocrx_word' id='word_1_40' title='bbox 644 492 771 531; x_wconf 90' lang='lat' dir='ltr'>voltus</span> <span class='ocrx_word' id='word_1_41' title='bbox 802 492 991 532; x_wconf 86' lang='lat' dir='ltr'>velamine</span> <span class='ocrx_word' id='word_1_42' title='bbox 1024 492 1123 532; x_wconf 86' lang='lat' dir='ltr'>celat</span> <span class='ocrx_word' id='word_1_43' title='bbox 1154 497 1325 544; x_wconf 82' lang='lat' dir='ltr'>amatos,</span> 
     </span>
     <span class='ocr_line' id='line_1_8' title="bbox 163 551 1155 602; baseline 0 -12"><span class='ocrx_word' id='word_1_44' title='bbox 163 559 230 590; x_wconf 86' lang='lat'>580</span> <span class='ocrx_word' id='word_1_45' title='bbox 309 551 465 602; x_wconf 83' lang='lat' dir='ltr'>Oraque</span> <span class='ocrx_word' id='word_1_46' title='bbox 498 557 590 590; x_wconf 90' lang='lat' dir='ltr'>sunt</span> <span class='ocrx_word' id='word_1_47' title='bbox 621 551 742 590; x_wconf 90' lang='lat' dir='ltr'>multa</span> <span class='ocrx_word' id='word_1_48' title='bbox 773 552 879 602; x_wconf 84' lang='lat' dir='ltr'>regia</span> <span class='ocrx_word' id='word_1_49' title='bbox 910 556 1013 590; x_wconf 91' lang='lat' dir='ltr'>tecta</span> <span class='ocrx_word' id='word_1_50' title='bbox 1044 557 1155 602; x_wconf 86' lang='lat' dir='ltr'>toga.</span> 
     </span>
     <span class='ocr_line' id='line_1_9' title="bbox 250 608 1354 661; baseline -0.001 -13"><span class='ocrx_word' id='word_1_51' title='bbox 250 610 308 648; x_wconf 86' lang='lat' dir='ltr'>An</span> <span class='ocrx_word' id='word_1_52' title='bbox 339 611 462 660; x_wconf 85' lang='lat' dir='ltr'>magis</span> <span class='ocrx_word' id='word_1_53' title='bbox 495 615 553 649; x_wconf 89' lang='lat' dir='ltr'>est</span> <span class='ocrx_word' id='word_1_54' title='bbox 584 621 719 648; x_wconf 89' lang='lat' dir='ltr'>verum</span> <span class='ocrx_word' id='word_1_55' title='bbox 738 640 748 658; x_wconf 84' lang='lat'><em>,</em></span> <span class='ocrx_word' id='word_1_56' title='bbox 779 615 869 661; x_wconf 89' lang='lat' dir='ltr'>post</span> <span class='ocrx_word' id='word_1_57' title='bbox 899 609 1002 648; x_wconf 86' lang='lat' dir='ltr'>Tulli</span> <span class='ocrx_word' id='word_1_58' title='bbox 1033 610 1171 648; x_wconf 85' lang='lat' dir='ltr'>funera</span> <span class='ocrx_word' id='word_1_59' title='bbox 1201 608 1354 660; x_wconf 86' lang='lat' dir='ltr'>plebem</span> 
     </span>
     <span class='ocr_line' id='line_1_10' title="bbox 310 667 1157 719; baseline 0 -13"><span class='ocrx_word' id='word_1_60' title='bbox 310 668 518 707; x_wconf 82' lang='lat' dir='ltr'>Confusam</span> <span class='ocrx_word' id='word_1_61' title='bbox 549 667 690 719; x_wconf 89' lang='lat' dir='ltr'>placidi</span> <span class='ocrx_word' id='word_1_62' title='bbox 721 674 847 707; x_wconf 88' lang='lat' dir='ltr'>morte</span> <span class='ocrx_word' id='word_1_63' title='bbox 879 668 999 706; x_wconf 86' lang='lat' dir='ltr'>fuisse</span> <span class='ocrx_word' id='word_1_64' title='bbox 1033 669 1157 706; x_wconf 90' lang='lat' dir='ltr'>senis:</span> 
     </span>
     <span class='ocr_line' id='line_1_11' title="bbox 249 725 1395 778; baseline -0.001 -13"><span class='ocrx_word' id='word_1_65' title='bbox 249 726 330 765; x_wconf 90' lang='lat' dir='ltr'>Nec</span> <span class='ocrx_word' id='word_1_66' title='bbox 361 726 500 765; x_wconf 90' lang='lat' dir='ltr'>modus</span> <span class='ocrx_word' id='word_1_67' title='bbox 532 726 635 765; x_wconf 86' lang='lat' dir='ltr'>ullus</span> <span class='ocrx_word' id='word_1_68' title='bbox 668 732 779 778; x_wconf 86' lang='lat' dir='ltr'>erat,</span> <span class='ocrx_word' id='word_1_69' title='bbox 811 726 1013 765; x_wconf 86' lang='lat' dir='ltr'>crescebat</span> <span class='ocrx_word' id='word_1_70' title='bbox 1044 727 1211 776; x_wconf 84' lang='lat' dir='ltr'>imagine</span> <span class='ocrx_word' id='word_1_71' title='bbox 1244 725 1395 777; x_wconf 80' lang='lat' dir='ltr'>luctus,</span> 
     </span>
     <span class='ocr_line' id='line_1_12' title="bbox 308 782 1136 835; baseline -0.001 -12"><span class='ocrx_word' id='word_1_72' title='bbox 308 784 439 823; x_wconf 91' lang='lat' dir='ltr'>Donec</span> <span class='ocrx_word' id='word_1_73' title='bbox 471 796 560 823; x_wconf 88' lang='lat' dir='ltr'>eum</span> <span class='ocrx_word' id='word_1_74' title='bbox 591 786 728 835; x_wconf 89' lang='lat' dir='ltr'>positis</span> <span class='ocrx_word' id='word_1_75' title='bbox 761 784 969 823; x_wconf 83' lang='lat' dir='ltr'>occuluere</span> <span class='ocrx_word' id='word_1_76' title='bbox 1000 782 1136 835; x_wconf 79' lang='lat' dir='ltr'>togis?</span> 
     </span>
     <span class='ocr_line' id='line_1_13' title="bbox 166 842 1311 893; baseline -0.002 -11"><span class='ocrx_word' id='word_1_77' title='bbox 166 851 231 882; x_wconf 82' lang='lat'>585</span> <span class='ocrx_word' id='word_1_78' title='bbox 253 843 385 882; x_wconf 87' lang='lat' dir='ltr'>Tertia</span> <span class='ocrx_word' id='word_1_79' title='bbox 417 855 533 882; x_wconf 87' lang='lat' dir='ltr'>causa</span> <span class='ocrx_word' id='word_1_80' title='bbox 564 843 659 881; x_wconf 91' lang='lat' dir='ltr'>mihi</span> <span class='ocrx_word' id='word_1_81' title='bbox 691 844 814 893; x_wconf 87' lang='lat' dir='ltr'>spatio</span> <span class='ocrx_word' id='word_1_82' title='bbox 846 844 992 881; x_wconf 89' lang='lat' dir='ltr'>maiore</span> <span class='ocrx_word' id='word_1_83' title='bbox 1025 842 1197 881; x_wconf 89' lang='lat' dir='ltr'>canenda</span> <span class='ocrx_word' id='word_1_84' title='bbox 1228 847 1311 893; x_wconf 83' lang='lat' dir='ltr'>est3</span> 
     </span>
     <span class='ocr_line' id='line_1_14' title="bbox 308 900 1272 951; baseline -0.002 -11"><span class='ocrx_word' id='word_1_85' title='bbox 308 901 387 940; x_wconf 90' lang='lat' dir='ltr'>Nos</span> <span class='ocrx_word' id='word_1_86' title='bbox 418 907 546 940; x_wconf 87' lang='lat' dir='ltr'>tamen</span> <span class='ocrx_word' id='word_1_87' title='bbox 580 900 768 939; x_wconf 90' lang='lat' dir='ltr'>adductos</span> <span class='ocrx_word' id='word_1_88' title='bbox 799 902 905 939; x_wconf 87' lang='lat' dir='ltr'>intus</span> <span class='ocrx_word' id='word_1_89' title='bbox 937 911 1095 951; x_wconf 83' lang='lat' dir='ltr'>agemus</span> <span class='ocrx_word' id='word_1_90' title='bbox 1127 912 1272 950; x_wconf 88' lang='lat' dir='ltr'>equos.</span> 
     </span>
     <span class='ocr_line' id='line_1_15' title="bbox 251 958 1243 1010; baseline -0.002 -12"><span class='ocrx_word' id='word_1_91' title='bbox 251 959 375 998; x_wconf 89' lang='lat' dir='ltr'>Tullia</span> <span class='ocrx_word' id='word_1_92' title='bbox 407 960 617 1010; x_wconf 84' lang='lat' dir='ltr'>coniugio,</span> <span class='ocrx_word' id='word_1_93' title='bbox 651 958 811 997; x_wconf 89' lang='lat' dir='ltr'>sceleris</span> <span class='ocrx_word' id='word_1_94' title='bbox 843 958 1053 1010; x_wconf 87' lang='lat' dir='ltr'>mercede,</span> <span class='ocrx_word' id='word_1_95' title='bbox 1085 964 1243 1009; x_wconf 89' lang='lat' dir='ltr'>peracto</span> 
     </span>
     <span class='ocr_line' id='line_1_16' title="bbox 309 1016 1202 1056; baseline -0.002 0"><span class='ocrx_word' id='word_1_96' title='bbox 309 1017 377 1056; x_wconf 89' lang='lat' dir='ltr'>His</span> <span class='ocrx_word' id='word_1_97' title='bbox 410 1017 521 1056; x_wconf 86' lang='lat' dir='ltr'>solita</span> <span class='ocrx_word' id='word_1_98' title='bbox 554 1021 613 1055; x_wconf 89' lang='lat' dir='ltr'>est</span> <span class='ocrx_word' id='word_1_99' title='bbox 645 1016 759 1055; x_wconf 89' lang='lat' dir='ltr'>dictis</span> <span class='ocrx_word' id='word_1_100' title='bbox 791 1016 1021 1055; x_wconf 81' lang='lat' dir='ltr'>extimulare</span> <span class='ocrx_word' id='word_1_101' title='bbox 1054 1018 1202 1055; x_wconf 89' lang='lat' dir='ltr'>virum:</span> 
     </span>
     <span class='ocr_line' id='line_1_17' title="bbox 253 1074 1420 1127; baseline -0.001 -13"><span class='ocrx_word' id='word_1_102' title='bbox 253 1074 377 1121; x_wconf 70' lang='lat' dir='ltr'>‘Quid</span> <span class='ocrx_word' id='word_1_103' title='bbox 409 1077 514 1114; x_wconf 88' lang='lat' dir='ltr'>iuvat</span> <span class='ocrx_word' id='word_1_104' title='bbox 546 1087 631 1114; x_wconf 88' lang='lat' dir='ltr'>esse</span> <span class='ocrx_word' id='word_1_105' title='bbox 663 1087 806 1127; x_wconf 83' lang='lat' dir='ltr'>pares,</span> <span class='ocrx_word' id='word_1_106' title='bbox 838 1082 877 1114; x_wconf 89' lang='lat' dir='ltr'>te</span> <span class='ocrx_word' id='word_1_107' title='bbox 908 1082 1064 1114; x_wconf 88' lang='lat' dir='ltr'>nostrae</span> <span class='ocrx_word' id='word_1_108' title='bbox 1098 1075 1215 1113; x_wconf 88' lang='lat' dir='ltr'>caede</span> <span class='ocrx_word' id='word_1_109' title='bbox 1249 1076 1420 1127; x_wconf 86' lang='lat' dir='ltr'>sororis,</span> 
     </span>
     <span class='ocr_line' id='line_1_18' title="bbox 164 1131 1189 1185; baseline -0.001 -12"><span class='ocrx_word' id='word_1_110' title='bbox 164 1142 230 1174; x_wconf 82' lang='grc'>590</span> <span class='ocrx_word' id='word_1_111' title='bbox 309 1133 447 1185; x_wconf 88' lang='lat' dir='ltr'>Meque</span> <span class='ocrx_word' id='word_1_112' title='bbox 480 1135 539 1172; x_wconf 86' lang='lat' dir='ltr'>tui</span> <span class='ocrx_word' id='word_1_113' title='bbox 570 1133 731 1185; x_wconf 80' lang='lat' dir='ltr'>fratris,</span> <span class='ocrx_word' id='word_1_114' title='bbox 763 1135 796 1172; x_wconf 89' lang='lat' dir='ltr'>si</span> <span class='ocrx_word' id='word_1_115' title='bbox 826 1134 889 1184; x_wconf 90' lang='lat' dir='ltr'>pia</span> <span class='ocrx_word' id='word_1_116' title='bbox 921 1135 997 1172; x_wconf 87' lang='lat' dir='ltr'>vita</span> <span class='ocrx_word' id='word_1_117' title='bbox 1029 1131 1189 1184; x_wconf 82' lang='lat' dir='ltr'>placet?</span> 
     </span>
     <span class='ocr_line' id='line_1_19' title="bbox 251 1191 1332 1243; baseline -0.001 -12"><span class='ocrx_word' id='word_1_118' title='bbox 251 1192 386 1231; x_wconf 86' lang='lat' dir='ltr'>Vivere</span> <span class='ocrx_word' id='word_1_119' title='bbox 419 1191 635 1231; x_wconf 86' lang='lat' dir='ltr'>debuerant</span> <span class='ocrx_word' id='word_1_120' title='bbox 667 1197 706 1230; x_wconf 90' lang='lat' dir='ltr'>et</span> <span class='ocrx_word' id='word_1_121' title='bbox 736 1192 795 1230; x_wconf 88' lang='lat' dir='ltr'>vir</span> <span class='ocrx_word' id='word_1_122' title='bbox 827 1203 937 1231; x_wconf 88' lang='lat' dir='ltr'>meus</span> <span class='ocrx_word' id='word_1_123' title='bbox 971 1197 1009 1230; x_wconf 92' lang='lat' dir='ltr'>et</span> <span class='ocrx_word' id='word_1_124' title='bbox 1040 1198 1105 1230; x_wconf 86' lang='lat' dir='ltr'>tua</span> <span class='ocrx_word' id='word_1_125' title='bbox 1137 1192 1332 1243; x_wconf 80' lang='lat' dir='ltr'>coniunx,</span> 
     </span>
     <span class='ocr_line' id='line_1_20' title="bbox 310 1250 1196 1301; baseline -0.001 -12"><span class='ocrx_word' id='word_1_126' title='bbox 310 1251 351 1289; x_wconf 93' lang='lat' dir='ltr'>Si</span> <span class='ocrx_word' id='word_1_127' title='bbox 383 1250 533 1289; x_wconf 88' lang='lat' dir='ltr'>nullum</span> <span class='ocrx_word' id='word_1_128' title='bbox 565 1252 699 1289; x_wconf 88' lang='lat' dir='ltr'>ausuri</span> <span class='ocrx_word' id='word_1_129' title='bbox 729 1251 855 1289; x_wconf 89' lang='lat' dir='ltr'>maius</span> <span class='ocrx_word' id='word_1_130' title='bbox 887 1262 1042 1289; x_wconf 85' lang='lat' dir='ltr'>eramus</span> <span class='ocrx_word' id='word_1_131' title='bbox 1074 1262 1196 1301; x_wconf 88' lang='lat' dir='ltr'>opus.</span> 
     </span>
     <span class='ocr_line' id='line_1_21' title="bbox 250 1307 1228 1360; baseline -0.001 -12"><span class='ocrx_word' id='word_1_132' title='bbox 250 1309 299 1348; x_wconf 90' lang='lat' dir='ltr'>Et</span> <span class='ocrx_word' id='word_1_133' title='bbox 331 1314 448 1360; x_wconf 85' lang='lat' dir='ltr'>caput</span> <span class='ocrx_word' id='word_1_134' title='bbox 478 1314 517 1347; x_wconf 91' lang='lat' dir='ltr'>et</span> <span class='ocrx_word' id='word_1_135' title='bbox 547 1320 711 1360; x_wconf 88' lang='lat' dir='ltr'>regnum</span> <span class='ocrx_word' id='word_1_136' title='bbox 744 1309 842 1347; x_wconf 82' lang='lat' dir='ltr'>facio</span> <span class='ocrx_word' id='word_1_137' title='bbox 875 1308 1000 1348; x_wconf 91' lang='lat' dir='ltr'>dotale</span> <span class='ocrx_word' id='word_1_138' title='bbox 1032 1307 1228 1360; x_wconf 85' lang='lat' dir='ltr'>parentis!</span> 
     </span>
     <span class='ocr_line' id='line_1_22' title="bbox 311 1367 1195 1419; baseline -0.001 -13"><span class='ocrx_word' id='word_1_139' title='bbox 311 1367 352 1406; x_wconf 91' lang='lat' dir='ltr'>Si</span> <span class='ocrx_word' id='word_1_140' title='bbox 382 1369 440 1406; x_wconf 90' lang='lat' dir='ltr'>vir</span> <span class='ocrx_word' id='word_1_141' title='bbox 472 1379 543 1419; x_wconf 86' lang='lat' dir='ltr'>es,</span> <span class='ocrx_word' id='word_1_142' title='bbox 575 1369 616 1419; x_wconf 85' lang='lat' dir='ltr'>i,</span> <span class='ocrx_word' id='word_1_143' title='bbox 649 1367 771 1406; x_wconf 90' lang='lat' dir='ltr'>dictas</span> <span class='ocrx_word' id='word_1_144' title='bbox 804 1368 913 1418; x_wconf 83' lang='lat' dir='ltr'>exige</span> <span class='ocrx_word' id='word_1_145' title='bbox 946 1367 1047 1406; x_wconf 89' lang='lat' dir='ltr'>dotis</span> <span class='ocrx_word' id='word_1_146' title='bbox 1080 1379 1195 1418; x_wconf 90' lang='lat' dir='ltr'>opes.</span> 
     </span>
     <span class='ocr_line' id='line_1_23' title="bbox 164 1424 1395 1477; baseline -0.002 -12"><span class='ocrx_word' id='word_1_147' title='bbox 164 1433 229 1466; x_wconf 84' lang='lat'>595</span> <span class='ocrx_word' id='word_1_148' title='bbox 250 1426 368 1476; x_wconf 88' lang='lat' dir='ltr'>Regia</span> <span class='ocrx_word' id='word_1_149' title='bbox 400 1437 464 1464; x_wconf 89' lang='lat' dir='ltr'>res</span> <span class='ocrx_word' id='word_1_150' title='bbox 497 1424 624 1464; x_wconf 89' lang='lat' dir='ltr'>scelus</span> <span class='ocrx_word' id='word_1_151' title='bbox 657 1425 744 1464; x_wconf 84' lang='lat' dir='ltr'>est!</span> <span class='ocrx_word' id='word_1_152' title='bbox 789 1437 925 1464; x_wconf 87' lang='lat' dir='ltr'>socero</span> <span class='ocrx_word' id='word_1_153' title='bbox 958 1438 1051 1476; x_wconf 89' lang='lat' dir='ltr'>cape</span> <span class='ocrx_word' id='word_1_154' title='bbox 1084 1437 1202 1476; x_wconf 87' lang='lat' dir='ltr'>regna</span> <span class='ocrx_word' id='word_1_155' title='bbox 1234 1430 1395 1477; x_wconf 88' lang='lat' dir='ltr'>necato,</span> 
     </span>
     <span class='ocr_line' id='line_1_24' title="bbox 308 1480 1300 1535; baseline -0.002 -12"><span class='ocrx_word' id='word_1_156' title='bbox 308 1485 358 1523; x_wconf 89' lang='lat' dir='ltr'>Et</span> <span class='ocrx_word' id='word_1_157' title='bbox 389 1489 543 1523; x_wconf 83' lang='lat' dir='ltr'>nostras</span> <span class='ocrx_word' id='word_1_158' title='bbox 574 1485 699 1535; x_wconf 88' lang='lat' dir='ltr'>patrio</span> <span class='ocrx_word' id='word_1_159' title='bbox 733 1485 920 1535; x_wconf 89' lang='lat' dir='ltr'>sanguine</span> <span class='ocrx_word' id='word_1_160' title='bbox 952 1486 1086 1534; x_wconf 87' lang='lat' dir='ltr'>tingue</span> <span class='ocrx_word' id='word_1_161' title='bbox 1119 1480 1300 1522; x_wconf 77' lang='lat' dir='ltr'>manusl&#39;</span> 
     </span>
     <span class='ocr_line' id='line_1_25' title="bbox 251 1542 1164 1593; baseline -0.001 -12"><span class='ocrx_word' id='word_1_162' title='bbox 251 1542 408 1582; x_wconf 87' lang='lat' dir='ltr'>Talibus</span> <span class='ocrx_word' id='word_1_163' title='bbox 440 1544 650 1581; x_wconf 88' lang='lat' dir='ltr'>instinctus</span> <span class='ocrx_word' id='word_1_164' title='bbox 682 1542 778 1580; x_wconf 88' lang='lat' dir='ltr'>solio</span> <span class='ocrx_word' id='word_1_165' title='bbox 809 1543 984 1593; x_wconf 86' lang='lat' dir='ltr'>privatus</span> <span class='ocrx_word' id='word_1_166' title='bbox 1016 1544 1055 1580; x_wconf 89' lang='lat' dir='ltr'>in</span> <span class='ocrx_word' id='word_1_167' title='bbox 1088 1542 1164 1580; x_wconf 91' lang='lat' dir='ltr'>alto</span> 
     </span>
     <span class='ocr_line' id='line_1_26' title="bbox 309 1600 1280 1651; baseline -0.002 -11"><span class='ocrx_word' id='word_1_168' title='bbox 309 1601 499 1640; x_wconf 87' lang='lat' dir='ltr'>Sederat.</span> <span class='ocrx_word' id='word_1_169' title='bbox 556 1601 763 1639; x_wconf 88' lang='lat' dir='ltr'>attonitum</span> <span class='ocrx_word' id='word_1_170' title='bbox 795 1600 930 1651; x_wconf 88' lang='lat' dir='ltr'>volgus</span> <span class='ocrx_word' id='word_1_171' title='bbox 963 1601 1009 1639; x_wconf 91' lang='lat' dir='ltr'>ad</span> <span class='ocrx_word' id='word_1_172' title='bbox 1041 1612 1145 1639; x_wconf 89' lang='lat' dir='ltr'>arma</span> <span class='ocrx_word' id='word_1_173' title='bbox 1177 1601 1280 1639; x_wconf 88' lang='lat' dir='ltr'>ruit:</span> 
     </span>
     <span class='ocr_line' id='line_1_27' title="bbox 248 1658 1462 1711; baseline 0 -13"><span class='ocrx_word' id='word_1_174' title='bbox 248 1659 348 1698; x_wconf 88' lang='lat' dir='ltr'>Hinc</span> <span class='ocrx_word' id='word_1_175' title='bbox 380 1671 526 1710; x_wconf 86' lang='lat' dir='ltr'>cruor,</span> <span class='ocrx_word' id='word_1_176' title='bbox 559 1659 649 1698; x_wconf 86' lang='lat' dir='ltr'>hinc</span> <span class='ocrx_word' id='word_1_177' title='bbox 682 1658 821 1698; x_wconf 87' lang='lat' dir='ltr'>caedes</span> <span class='ocrx_word' id='word_1_178' title='bbox 840 1690 851 1711; x_wconf 89' lang='lat'>‚</span> <span class='ocrx_word' id='word_1_179' title='bbox 882 1659 1114 1710; x_wconf 86' lang='lat' dir='ltr'>infirmaque</span> <span class='ocrx_word' id='word_1_180' title='bbox 1140 1659 1310 1697; x_wconf 90' lang='lat' dir='ltr'>vincitur</span> <span class='ocrx_word' id='word_1_181' title='bbox 1337 1664 1462 1698; x_wconf 79' lang='lat' dir='ltr'>aetas:</span> 
     </span>
     <span class='ocr_line' id='line_1_28' title="bbox 164 1716 1341 1768; baseline -0.002 -11"><span class='ocrx_word' id='word_1_182' title='bbox 164 1726 230 1757; x_wconf 84' lang='lat'>600</span> <span class='ocrx_word' id='word_1_183' title='bbox 311 1717 473 1768; x_wconf 86' lang='lat' dir='ltr'>Sceptra</span> <span class='ocrx_word' id='word_1_184' title='bbox 505 1729 625 1768; x_wconf 87' lang='lat' dir='ltr'>gener</span> <span class='ocrx_word' id='word_1_185' title='bbox 657 1729 793 1756; x_wconf 89' lang='lat' dir='ltr'>socero</span> <span class='ocrx_word' id='word_1_186' title='bbox 825 1723 934 1768; x_wconf 87' lang='lat' dir='ltr'>rapta</span> <span class='ocrx_word' id='word_1_187' title='bbox 968 1717 1171 1768; x_wconf 88' lang='lat' dir='ltr'>Superbus</span> <span class='ocrx_word' id='word_1_188' title='bbox 1203 1716 1341 1755; x_wconf 87' lang='lat' dir='ltr'>habet.</span> 
     </span>
     <span class='ocr_line' id='line_1_29' title="bbox 248 1775 1337 1828; baseline 0 -14"><span class='ocrx_word' id='word_1_189' title='bbox 248 1776 335 1828; x_wconf 87' lang='lat' dir='ltr'>Ipse</span> <span class='ocrx_word' id='word_1_190' title='bbox 367 1775 439 1814; x_wconf 90' lang='lat' dir='ltr'>sub</span> <span class='ocrx_word' id='word_1_191' title='bbox 471 1775 656 1826; x_wconf 87' lang='lat' dir='ltr'>Esquiliis</span> <span class='ocrx_word' id='word_1_192' title='bbox 675 1806 686 1827; x_wconf 80' lang='lat'>,</span> <span class='ocrx_word' id='word_1_193' title='bbox 718 1775 786 1814; x_wconf 90' lang='lat' dir='ltr'>uhi</span> <span class='ocrx_word' id='word_1_194' title='bbox 818 1781 901 1814; x_wconf 89' lang='lat' dir='ltr'>erat</span> <span class='ocrx_word' id='word_1_195' title='bbox 932 1788 1001 1814; x_wconf 87' lang='lat' dir='ltr'>sua</span> <span class='ocrx_word' id='word_1_196' title='bbox 1033 1777 1167 1827; x_wconf 86' lang='lat' dir='ltr'>regia,</span> <span class='ocrx_word' id='word_1_197' title='bbox 1200 1787 1337 1814; x_wconf 87' lang='lat' dir='ltr'>caesus</span> 
     </span>
     <span class='ocr_line' id='line_1_30' title="bbox 308 1833 1216 1885; baseline -0.002 -11"><span class='ocrx_word' id='word_1_198' title='bbox 308 1834 487 1874; x_wconf 82' lang='lat' dir='ltr'>Concidit</span> <span class='ocrx_word' id='word_1_199' title='bbox 518 1835 558 1872; x_wconf 90' lang='lat' dir='ltr'>in</span> <span class='ocrx_word' id='word_1_200' title='bbox 590 1833 686 1872; x_wconf 86' lang='lat' dir='ltr'>dura</span> <span class='ocrx_word' id='word_1_201' title='bbox 719 1833 1042 1885; x_wconf 85' lang='lat' dir='ltr'>sanguinulentus</span> <span class='ocrx_word' id='word_1_202' title='bbox 1073 1834 1216 1873; x_wconf 90' lang='lat' dir='ltr'>humo.</span> 
     </span>
     <span class='ocr_line' id='line_1_31' title="bbox 249 1893 1163 1945; baseline -0.001 -14"><span class='ocrx_word' id='word_1_203' title='bbox 249 1893 377 1945; x_wconf 88' lang='lat' dir='ltr'>Filia,</span> <span class='ocrx_word' id='word_1_204' title='bbox 406 1897 592 1944; x_wconf 87' lang='lat' dir='ltr'>carpento</span> <span class='ocrx_word' id='word_1_205' title='bbox 625 1894 771 1942; x_wconf 89' lang='lat' dir='ltr'>patrios</span> <span class='ocrx_word' id='word_1_206' title='bbox 802 1893 947 1930; x_wconf 83' lang='lat' dir='ltr'>initura</span> <span class='ocrx_word' id='word_1_207' title='bbox 978 1897 1163 1943; x_wconf 85' lang='lat' dir='ltr'>penates,</span> 
     </span>
     <span class='ocr_line' id='line_1_32' title="bbox 306 1950 1130 2002; baseline -0.001 -12"><span class='ocrx_word' id='word_1_208' title='bbox 306 1951 389 1990; x_wconf 85' lang='lat' dir='ltr'>Ibat</span> <span class='ocrx_word' id='word_1_209' title='bbox 418 1963 490 2002; x_wconf 91' lang='lat' dir='ltr'>per</span> <span class='ocrx_word' id='word_1_210' title='bbox 522 1950 668 1989; x_wconf 87' lang='lat' dir='ltr'>medias</span> <span class='ocrx_word' id='word_1_211' title='bbox 700 1950 774 1989; x_wconf 88' lang='lat' dir='ltr'>alta</span> <span class='ocrx_word' id='word_1_212' title='bbox 807 1951 994 2001; x_wconf 86' lang='lat' dir='ltr'>feroxque</span> <span class='ocrx_word' id='word_1_213' title='bbox 1026 1952 1130 1989; x_wconf 90' lang='lat' dir='ltr'>vias.</span> 
     </span>
     <span class='ocr_line' id='line_1_33' title="bbox 162 2009 1254 2061; baseline -0.002 -12"><span class='ocrx_word' id='word_1_214' title='bbox 162 2017 227 2049; x_wconf 83' lang='lat'>605</span> <span class='ocrx_word' id='word_1_215' title='bbox 249 2010 400 2061; x_wconf 90' lang='lat' dir='ltr'>Corpus</span> <span class='ocrx_word' id='word_1_216' title='bbox 431 2015 476 2048; x_wconf 92' lang='lat' dir='ltr'>ut</span> <span class='ocrx_word' id='word_1_217' title='bbox 507 2010 685 2061; x_wconf 83' lang='lat' dir='ltr'>aspexit,</span> <span class='ocrx_word' id='word_1_218' title='bbox 718 2009 886 2047; x_wconf 88' lang='lat' dir='ltr'>lacrimis</span> <span class='ocrx_word' id='word_1_219' title='bbox 919 2010 1052 2059; x_wconf 88' lang='lat' dir='ltr'>auriga</span> <span class='ocrx_word' id='word_1_220' title='bbox 1082 2009 1254 2060; x_wconf 88' lang='lat' dir='ltr'>profusis</span> 
     </span>
     <span class='ocr_line' id='line_1_34' title="bbox 306 2067 1190 2118; baseline 0 -11"><span class='ocrx_word' id='word_1_221' title='bbox 306 2069 491 2107; x_wconf 85' lang='lat' dir='ltr'>Restitit.</span> <span class='ocrx_word' id='word_1_222' title='bbox 548 2068 652 2106; x_wconf 90' lang='lat' dir='ltr'>hunc</span> <span class='ocrx_word' id='word_1_223' title='bbox 684 2067 751 2106; x_wconf 92' lang='lat' dir='ltr'>tali</span> <span class='ocrx_word' id='word_1_224' title='bbox 783 2068 945 2118; x_wconf 86' lang='lat' dir='ltr'>corripit</span> <span class='ocrx_word' id='word_1_225' title='bbox 975 2067 1038 2106; x_wconf 91' lang='lat' dir='ltr'>illa</span> <span class='ocrx_word' id='word_1_226' title='bbox 1071 2079 1190 2107; x_wconf 89' lang='lat' dir='ltr'>sono:</span> 
     </span>
     <span class='ocr_line' id='line_1_35' title="bbox 247 2124 1337 2179; baseline 0 -14"><span class='ocrx_word' id='word_1_227' title='bbox 247 2124 383 2166; x_wconf 78' lang='lat' dir='ltr'>‘Vadis</span> <span class='ocrx_word' id='word_1_228' title='bbox 402 2158 413 2179; x_wconf 86' lang='lat'><em>‚</em></span> <span class='ocrx_word' id='word_1_229' title='bbox 445 2139 494 2165; x_wconf 91' lang='lat' dir='ltr'>an</span> <span class='ocrx_word' id='word_1_230' title='bbox 526 2131 706 2178; x_wconf 83' lang='lat' dir='ltr'>expectas</span> <span class='ocrx_word' id='word_1_231' title='bbox 738 2127 908 2177; x_wconf 89' lang='lat' dir='ltr'>pretium</span> <span class='ocrx_word' id='word_1_232' title='bbox 939 2127 1095 2176; x_wconf 87' lang='lat' dir='ltr'>pietatis</span> <span class='ocrx_word' id='word_1_233' title='bbox 1128 2124 1337 2165; x_wconf 78' lang='lat' dir='ltr'>amarum?</span> 
     </span>
     <span class='ocr_line' id='line_1_36' title="bbox 306 2181 1308 2236; baseline -0.001 -12"><span class='ocrx_word' id='word_1_234' title='bbox 306 2186 389 2224; x_wconf 85' lang='lat' dir='ltr'>Duc</span> <span class='ocrx_word' id='word_1_235' title='bbox 408 2216 418 2236; x_wconf 86' lang='lat'><em>,</em></span> <span class='ocrx_word' id='word_1_236' title='bbox 450 2187 609 2236; x_wconf 88' lang='lat' dir='ltr'>inquam</span> <span class='ocrx_word' id='word_1_237' title='bbox 628 2216 638 2236; x_wconf 85' lang='lat'><em>,</em></span> <span class='ocrx_word' id='word_1_238' title='bbox 670 2186 809 2223; x_wconf 89' lang='lat' dir='ltr'>invitas</span> <span class='ocrx_word' id='word_1_239' title='bbox 841 2187 924 2236; x_wconf 86' lang='lat' dir='ltr'>ipsa</span> <span class='ocrx_word' id='word_1_240' title='bbox 956 2197 1027 2235; x_wconf 89' lang='lat' dir='ltr'>per</span> <span class='ocrx_word' id='word_1_241' title='bbox 1059 2197 1125 2223; x_wconf 90' lang='lat' dir='ltr'>ora</span> <span class='ocrx_word' id='word_1_242' title='bbox 1158 2181 1308 2223; x_wconf 72' lang='lat' dir='ltr'>rotasl’</span> 
     </span>
     <span class='ocr_line' id='line_1_37' title="bbox 248 2242 1253 2284; baseline -0.001 -1"><span class='ocrx_word' id='word_1_243' title='bbox 248 2244 361 2284; x_wconf 83' lang='lat' dir='ltr'>Certa</span> <span class='ocrx_word' id='word_1_244' title='bbox 393 2243 489 2282; x_wconf 87' lang='lat' dir='ltr'>fides</span> <span class='ocrx_word' id='word_1_245' title='bbox 522 2244 640 2282; x_wconf 85' lang='lat' dir='ltr'>facti.</span> <span class='ocrx_word' id='word_1_246' title='bbox 697 2243 825 2282; x_wconf 89' lang='lat' dir='ltr'>dictus</span> <span class='ocrx_word' id='word_1_247' title='bbox 858 2243 1079 2282; x_wconf 87' lang='lat' dir='ltr'>Sceleratus</span> <span class='ocrx_word' id='word_1_248' title='bbox 1112 2242 1158 2281; x_wconf 91' lang='lat' dir='ltr'>ab</span> <span class='ocrx_word' id='word_1_249' title='bbox 1190 2242 1253 2282; x_wconf 86' lang='lat' dir='ltr'>illa</span> 
     </span>
     <span class='ocr_line' id='line_1_38' title="bbox 161 2302 1193 2355; baseline -0.002 -13"><span class='ocrx_word' id='word_1_250' title='bbox 161 2311 226 2342; x_wconf 87' lang='lat'>610</span> <span class='ocrx_word' id='word_1_251' title='bbox 305 2302 422 2342; x_wconf 82' lang='lat' dir='ltr'>vicus</span> <span class='ocrx_word' id='word_1_252' title='bbox 438 2332 451 2355; x_wconf 85' lang='lat'><em>‚</em></span> <span class='ocrx_word' id='word_1_253' title='bbox 484 2308 523 2341; x_wconf 90' lang='lat' dir='ltr'>et</span> <span class='ocrx_word' id='word_1_254' title='bbox 553 2307 710 2342; x_wconf 87' lang='lat' dir='ltr'>aeterna</span> <span class='ocrx_word' id='word_1_255' title='bbox 741 2314 806 2341; x_wconf 90' lang='lat' dir='ltr'>res</span> <span class='ocrx_word' id='word_1_256' title='bbox 838 2314 882 2340; x_wconf 87' lang='lat' dir='ltr'>ea</span> <span class='ocrx_word' id='word_1_257' title='bbox 914 2313 1048 2353; x_wconf 88' lang='lat' dir='ltr'>pressa</span> <span class='ocrx_word' id='word_1_258' title='bbox 1081 2307 1193 2340; x_wconf 88' lang='lat' dir='ltr'>nota.</span> 
     </span>
    </p>
   </div>
  </div>
 </body>
</html>
