1575 2489
173 104 229 145 84
725 105 949 137 TRISTIUM

290 210 470 250 Videris!
514 213 598 262 ipse
630 223 780 249 sacram
798 241 809 262 ‚
841 213 1015 262 quamvis
1046 213 1195 250 invisus
1213 242 1224 262 ,
1255 212 1302 251 ad
1334 223 1438 251 aram

289 270 546 319 Confugiam:
578 268 701 307 nullas
733 275 952 309 summovet
982 281 1047 309 ara
1078 282 1239 309 manus.

224 394 268 424 45
290 384 488 436 Adloquor
519 396 570 423 en
595 383 737 423 absens
767 384 941 424 absentia
971 386 1131 425 numina
1162 385 1350 438 supplex,

291 443 331 481 Si
362 443 420 481 fas
451 447 513 481 est
542 442 691 481 homini
722 455 812 482 cum
842 443 929 482 Iove
961 456 1076 495 posse
1107 443 1237 494 loqui.

290 500 447 539 Arbiter
477 502 663 552 imperii,
696 512 772 551 quo
805 506 956 540 certum
988 507 1048 540 est
1078 503 1225 553 sospite
1257 507 1419 541 cunctos

289 560 482 597 Ausoniae
515 570 649 597 curam
680 560 807 608 gentis
839 559 982 598 habere
1014 559 1131 611 deos,

291 617 322 656 Ο
355 617 476 656 decus
495 648 506 668 ‚
537 628 559 655 o
592 618 739 667 patriae
770 629 841 668 per
872 623 911 656 te
942 617 1118 657 florentis
1150 619 1299 669 imago,

227 683 270 714 50
292 675 323 713 Ο
355 676 413 713 vir
444 686 523 713 non
554 676 639 725 ipso
660 706 670 726 ,
703 686 819 725 quem
851 676 956 726 regis
975 707 986 726 ‚
1017 675 1111 714 orbe
1144 677 1271 714 minor
1301 695 1360 704 -——

293 734 357 772 Sic
388 732 540 771 habites
572 738 698 771 terras
731 739 769 771 et
800 738 838 772 te
871 733 1068 772 desideret
1099 733 1257 785 aether,

293 791 356 830 Sic
388 791 434 829 ad
466 796 577 842 pacta
610 790 680 829 tibi
713 791 839 829 sidera
872 791 1007 830 tardus
1039 803 1104 830 eas
1137 812 1192 818 —

290 849 413 888 Parce
432 880 443 901 ,
473 861 616 900 precor
634 880 645 900 ‚
677 851 954 900 minimamque
985 855 1053 889 tuo
1086 849 1134 888 de
1166 849 1326 888 fulmine
1356 853 1506 900 partem

293 907 440 946 Deme!
487 910 579 946 satis
611 919 759 958 poenae
791 908 895 958 quod
927 907 1156 959 superabit,
1188 909 1285 947 erit.

229 973 271 1004 55
292 965 352 1003 Ira
384 965 541 1016 quidem
573 965 772 1004 moderata
804 972 870 1004 tua
902 972 990 1018 est,
1022 967 1216 1016 vitamque
1248 965 1414 1017 dedisti,

292 1024 371 1062 Nec
403 1023 499 1061 mihi
529 1025 590 1062 ius
623 1025 718 1062 civis
750 1036 821 1062 nec
855 1024 948 1062 mihi
978 1035 1121 1062 nomen
1153 1023 1284 1075 abest,

291 1082 371 1120 Nec
403 1093 488 1120 mea
514 1093 701 1120 concessa
732 1087 792 1120 est
823 1081 905 1120 aliis
938 1083 1122 1129 fortuna,
1155 1094 1228 1120 nec
1259 1081 1348 1121 exul

293 1140 421 1178 Edicti
452 1139 581 1178 verbis
613 1141 794 1178 nominor
824 1141 908 1190 ipse
940 1141 1020 1179 tui.

293 1198 510 1248 Omniaque
541 1197 636 1235 haec
668 1199 810 1249 timui,
842 1199 931 1248 quia
962 1209 1023 1235 me
1057 1199 1248 1236 meruisse
1280 1196 1481 1249 videbam3

230 1264 274 1296 60
297 1256 372 1294 Sed
405 1261 469 1294 tua
502 1261 662 1306 peceato
694 1255 819 1294 lenior
850 1257 907 1294 ira
939 1267 1025 1294 meo
1058 1261 1128 1294 est.

293 1315 396 1353 Arva
426 1313 641 1364 relegatum
672 1315 822 1352 iussisti
852 1315 978 1352 visere
1009 1312 1146 1366 Ponti,

294 1372 344 1411 Et
376 1372 601 1423 Scythicum
633 1373 797 1422 profuga
828 1372 1007 1410 scindere
1038 1384 1169 1423 puppe
1201 1372 1367 1412 fretum.

294 1431 429 1469 Iussus
461 1430 508 1469 ad
538 1429 681 1468 Euxini
713 1430 900 1468 deformia
931 1430 1044 1468 litora
1077 1432 1164 1470 veni

296 1490 487 1539 Aequoris
517 1509 566 1517 -
595 1488 690 1526 haec
722 1488 848 1538 gelido
880 1494 986 1526 terra
1017 1488 1089 1526 sub
1122 1501 1191 1527 axe
1224 1490 1324 1527 iacet
1352 1509 1400 1516 —

233 1555 275 1586 65
296 1547 376 1585 Nec
408 1558 470 1584 me
502 1552 580 1584 tam
612 1548 760 1584 cruciat
791 1558 1005 1597 numquam
1045 1548 1128 1585 sine
1161 1547 1305 1597 frigore
1337 1545 1509 1593 caelum,

297 1604 493 1655 Glehaque
528 1606 682 1643 canenti
714 1616 869 1655 semper
901 1604 1040 1643 obusta
1071 1604 1183 1656 gelu,

295 1663 512 1713 Nesciaque
544 1668 605 1701 est
636 1664 740 1701 vocis
773 1663 876 1713 quod
909 1662 1073 1701 barbara
1103 1663 1236 1713 lingua
1266 1661 1450 1714 Latinae,

296 1722 520 1772 Graecaque
552 1720 656 1771 quod
689 1720 823 1759 Getico
856 1722 956 1759 victa
987 1721 1154 1772 loquella
1187 1733 1282 1759 sono
1315 1727 1398 1772 est3

297 1780 420 1825 Quam
453 1778 556 1830 quod
589 1780 752 1817 finitimo
786 1780 937 1818 cinctus
969 1791 1128 1830 premor
1159 1779 1332 1830 undique
1362 1778 1508 1830 Marte,

234 1846 278 1878 ’10
299 1838 447 1889 Vixque
479 1837 609 1875 brevis
640 1843 746 1876 tutos
778 1849 914 1876 murus
947 1837 994 1876 ab
1026 1838 1138 1877 hoste
1170 1838 1282 1876 facit.

297 1896 376 1935 Pax
407 1902 537 1934 tamen
570 1895 768 1934 interdum
800 1901 888 1947 est,
919 1897 1025 1947 pacis
1057 1895 1198 1935 fiducia
1229 1907 1463 1946 numquam.

299 1954 363 1992 Sic
394 1954 458 1992 hic
490 1966 594 1992 nunc
626 1955 801 2005 patitur,
834 1966 939 1993 nunc
971 1956 1083 1993 timet
1114 1966 1219 1993 arma
1250 1954 1382 1993 locus.

298 2012 397 2051 Hinc
430 2024 501 2063 ego
534 2012 626 2050 dum
659 2017 816 2063 muter,
848 2012 909 2050 vel
940 2025 1000 2051 me
1034 2012 1218 2051 Zanclaea
1250 2011 1463 2063 Charybdis

301 2071 469 2109 Devoret
499 2075 616 2121 atque
649 2072 730 2109 suis
762 2071 808 2109 ad
842 2070 958 2122 Styga
990 2073 1116 2109 mittat
1148 2072 1279 2122 aquis,

236 2138 279 2169 75
302 2129 368 2166 Vel
400 2128 556 2180 rapidae
589 2128 753 2167 flammis
785 2141 877 2167 urar
907 2131 1100 2180 patienter
1132 2131 1172 2168 in
1203 2130 1372 2180 Aetnae,

300 2187 367 2224 Vel
399 2188 497 2226 freta
528 2186 712 2226 Leucadii
743 2188 875 2226 mittar
906 2188 946 2226 in
979 2187 1053 2226 alta
1085 2186 1172 2226 dei.

300 2245 411 2290 Quod
427 2247 604 2297 petimus,
626 2257 745 2296 poena
760 2251 833 2284 est.
860 2258 984 2296 neque
1007 2247 1108 2284 enim
1127 2247 1244 2285 miser
1259 2258 1343 2285 esse
1363 2257 1510 2298 recuso,

302 2303 377 2342 Sed
409 2316 579 2356 precor,
612 2310 655 2343 ut
685 2305 832 2355 possim
864 2306 987 2343 tutius
1019 2316 1105 2344 esse
1137 2305 1279 2344 miser.
