1601 2484
194 77 250 119 20
748 77 973 110 Tmsmnu

313 185 406 223 Inde
426 217 436 237 ‚
467 184 543 223 levi
574 190 687 222 vento
720 183 927 234 Zerynthia
958 183 1072 223 litora
1103 190 1239 232 nacta,

247 252 291 282 20
311 243 530 281 Threiciam
562 243 690 292 tetigit
724 242 824 280 fessa
857 243 986 281 carina
1020 242 1173 280 Samon.

314 301 443 339 Saltus
476 299 522 338 ab
554 299 627 338 hac
659 304 795 338 contra
826 299 955 338 brevis
988 307 1048 339 est
1080 300 1271 350 Tempyra
1302 301 1476 350 petenti·

313 358 391 396 Hac
424 359 624 396 dominum
657 363 770 396 tenus
804 363 863 396 est
893 358 957 396 illa
989 363 1121 397 secuta
1153 369 1289 396 suumz

311 415 408 454 Nam
439 416 534 454 mihi
563 415 759 454 Bistonios
790 416 934 466 placuit
965 416 1063 467 pede
1095 427 1256 467 carpere
1289 427 1471 466 campos:

313 474 643 525 Hellespontiacas
675 473 739 511 illa
770 473 910 524 relegit
941 486 1084 525 aquas,

253 540 296 570 25
318 533 625 582 Dardaniamque
657 533 784 582 petit,
817 534 987 570 auctoris
1019 544 1162 570 nomen
1193 531 1425 583 habentem,

316 590 366 629 Et
396 596 434 629 te
466 590 664 641 ruricola,
697 589 907 640 Lampsace
926 621 936 641 ,
969 595 1052 629 tuta
1083 590 1179 640 deo,

317 648 508 699 Quodque
543 660 613 699 per
645 654 829 699 angustas
861 654 993 686 vectae
1025 648 1123 686 male
1157 649 1317 698 virginis
1349 647 1472 686 undas

315 706 455 745 Seston
488 706 670 757 Abydena
703 712 857 756 separat
887 705 984 744 urbe
1016 706 1184 757 fretum,

314 764 436 815 Inque
468 764 739 814 Propontiacis
771 764 998 802 haerentem
1032 763 1196 814 Cyzicon
1229 764 1333 815 oris,

252 830 295 861 30
317 822 481 874 Cyzicon
503 854 513 874 ‚
544 822 777 861 Haemoniae
810 822 938 860 nobile
971 823 1097 872 gentis
1129 833 1250 873 opus,

317 881 502 931 Quaeque
535 887 670 919 tenent
702 881 816 919 Ponti
846 880 1028 931 Byzantia
1059 879 1172 918 litora
1204 880 1361 918 fauces:

318 939 388 977 Hic
420 939 529 977 locus
562 945 622 977 est
653 940 796 989 gemini
828 940 942 977 ianua
973 944 1079 976 vasta
1109 939 1250 976 maris.

318 997 448 1048 Haec,
480 1009 621 1047 precor
641 1028 651 1048 ‚
685 998 834 1035 evincat
853 1028 863 1047 ,
894 996 1158 1047 propulsaque
1190 994 1357 1034 fortibus
1389 996 1531 1034 austris

317 1055 506 1093 Transeat
537 1055 728 1093 instabilis
760 1062 919 1094 strenua
952 1054 1122 1105 Cyaneas

252 1120 294 1151 35
315 1113 611 1164 Thyniacosque
645 1114 753 1151 sinus
772 1144 783 1164 ‚
824 1119 862 1150 et
901 1112 946 1150 ab
978 1113 1038 1150 his
1070 1124 1140 1164 per
1172 1111 1360 1162 Apollinis
1393 1111 1531 1150 urbem

317 1172 409 1209 Arta
442 1170 515 1209 sub
547 1170 722 1209 Anchiali
753 1171 905 1208 moenia
937 1170 1070 1208 tendat
1100 1171 1198 1208 iter.

315 1229 408 1267 Inde
441 1228 742 1267 Mesembriacos
774 1234 912 1278 portus
945 1233 982 1266 et
1015 1227 1191 1266 Odesson
1224 1233 1263 1266 et
1294 1239 1403 1266 arces

316 1287 542 1325 Praetereat
573 1287 694 1325 dictas
726 1288 881 1324 nomine
901 1317 911 1337 ‚
943 1285 1094 1324 Bacche
1113 1317 1123 1337 ‚
1154 1291 1246 1333 tuo,

317 1344 367 1383 Et
399 1357 496 1396 quos
529 1344 704 1383 Alcathoi
735 1350 953 1383 memorant
984 1356 1004 1382 e
1036 1343 1242 1382 moenibus
1275 1348 1380 1382 ortos

252 1411 297 1442 40
319 1403 487 1441 Sedibus
517 1403 578 1441 his
609 1403 796 1454 profugos
828 1403 1080 1440 constituisse
1110 1401 1254 1440 larem.

316 1462 347 1499 A
373 1461 515 1512 quibus
548 1461 725 1499 adveniat
756 1460 925 1498 Miletida
957 1471 1092 1510 sospes
1124 1459 1171 1497 ad
1203 1459 1363 1511 urbem,

319 1519 467 1558 Offensi
499 1531 575 1570 quo
608 1531 668 1557 me
701 1519 840 1557 detulit
869 1520 926 1556 ira
958 1518 1043 1557 dei.

317 1576 421 1616 Haec
454 1579 488 1615 si
519 1578 782 1628 contigerint,
816 1578 976 1615 meritae
1009 1575 1120 1615 cadet
1152 1588 1248 1626 agna
1279 1576 1498 1615 Minervae:

316 1635 401 1674 Non
434 1635 526 1674 facit
557 1636 603 1674 ad
635 1641 789 1674 nostras
821 1635 947 1673 hostia
978 1636 1101 1673 maior
1133 1646 1226 1684 opes
1246 1664 1255 1673 ,

253 1702 296 1732 45
323 1693 398 1732 Vos
435 1706 619 1744 quoque,
663 1693 934 1744 Tyndaridae,
982 1705 1079 1744 quos
1117 1693 1212 1730 haec
1250 1692 1342 1731 colit
1384 1692 1533 1745 insula,

1160 1752 1324 1803 fratres,

317 1810 410 1848 Mite
443 1822 584 1861 precor
616 1808 760 1860 duplici
792 1822 936 1848 numen
970 1809 1106 1847 adesse
1137 1808 1242 1848 viae!

321 1869 452 1906 Altera
484 1880 651 1918 namque
683 1874 793 1918 parat
826 1867 1099 1919 Symplegadas
1130 1869 1188 1905 ire
1219 1879 1289 1918 per
1321 1874 1447 1920 artas,

322 1926 509 1964 Scindere
541 1926 735 1964 Bistonias
767 1926 885 1964 altera
916 1927 1058 1977 puppis
1090 1937 1219 1975 aquas,

321 1984 396 2023 Vos
430 1984 544 2023 facite
564 2016 574 2036 ‚
605 1990 649 2023 ut
681 1989 845 2035 ventos,
878 1984 961 2022 loca
994 1996 1082 2022 cum
1115 1984 1264 2022 diversa
1296 1989 1498 2037 petanmS‚

256 2051 299 2083 50
319 2042 387 2081 Illa
420 2054 510 2081 suos
542 2042 711 2095 habeat,
743 2055 815 2081 nec
848 2044 977 2081 minus
1008 2042 1071 2081 illa
1105 2054 1206 2081 suos.
