1575 2489
544 90 572 122 1.
598 98 631 122 11
652 92 793 123 98—111
816 92 869 123 14.
1292 89 1378 130 127

215 197 265 236 Et
297 197 420 235 cecini
451 197 578 236 fausto
612 199 781 236 carmina
813 197 927 248 digna
958 204 1068 236 toro:

73 264 137 296 135
158 255 278 294 Cuius
308 261 346 294 te
378 254 534 294 solitum
567 257 726 293 memini
757 255 913 294 laudare
945 255 1095 294 libellos

215 313 429 364 Exceptis,
461 313 617 351 domino
651 314 718 364 qui
750 325 920 352 nocuere
953 326 1049 352 suo:

158 371 228 411 Cui
259 377 325 410 tua
357 383 648 422 nonnumquam
682 373 838 410 miranti
871 374 1014 422 scripta
1046 371 1225 422 legebas:

215 429 281 468 Ille
314 441 413 480 ego,
445 429 492 467 de
526 434 652 467 vestra
685 431 748 467 cui
781 430 867 468 data
898 436 1019 481 nupta
1051 430 1165 468 domo
1198 435 1284 469 est.

156 487 263 526 Hanc
294 487 433 538 probat
464 493 502 526 et
532 489 659 538 primo
692 487 871 526 dilectam
903 500 1059 538 semper
1090 488 1136 527 ab
1169 500 1262 526 aevo

73 554 137 585 140
215 545 285 584 Est
316 546 418 584 inter
451 547 613 584 comites
646 545 786 584 Marcia
820 558 936 584 censa
968 558 1081 597 51135,

155 603 277 654 Inque
310 605 390 642 suis
422 603 558 642 hahuit
588 609 799 643 matertera
831 604 1006 643 Caesaris
1039 609 1150 642 ante:

214 662 387 707 Quarum
419 662 564 701 iudicio
597 664 707 713 siqua
739 662 930 714 probata,
962 661 1085 713 proba
1116 666 1200 699 est.

155 720 241 771 Ipsa
274 733 342 758 sua
373 720 511 758 melior
544 721 642 759 fama
661 752 671 772 ‚
703 720 951 758 laudantibus
982 721 1092 771 istis,

215 778 371 817 Claudia
404 779 532 817 divina
563 791 642 817 non
674 780 845 829 eguisset
877 790 972 828 ope.

71 845 134 876 145
154 836 232 875 Nos
265 849 419 887 quoque
452 838 684 887 praeteritos
716 839 798 875 sine
831 836 915 874 labe
947 837 1170 887 peregimus
1203 847 1350 874 annos:

212 895 393 933 Proxima
424 907 514 946 pars
547 896 645 933 vitae
678 895 930 933 transilienda
961 907 1091 933 meae.

156 953 231 992 Sed
264 953 310 991 de
342 965 403 991 me
437 959 480 992 ut
511 953 643 992 sileam
662 984 673 1005 ,
706 954 876 992 coniunx
907 965 992 991 mea
1025 954 1177 992 sarcina
1208 957 1337 991 vestra

882 1016 963 1050 est:
1317 1019 1374 1050 (11)

214 1069 300 1108 Non
331 1076 442 1120 potes
473 1070 572 1109 hanc
606 1069 707 1108 salva
739 1069 984 1108 dissimulare
1017 1069 1115 1108 fide.

156 1127 338 1179 Confugit
369 1128 464 1167 haec
497 1129 544 1166 ad
576 1141 641 1166 vos
660 1159 670 1179 ‚
704 1133 851 1167 vestras
884 1128 1132 1178 amplectitur
1156 1139 1242 1166 aras
1270 1149 1313 1153 —

70 1195 135 1226 150
214 1186 303 1225 Iure
336 1188 441 1225 venit
472 1186 597 1225 cultos
630 1186 676 1224 ad
709 1186 784 1225 sibi
817 1188 982 1237 quisque
1015 1186 1108 1224 deos
1136 1209 1179 1213 -

155 1244 349 1295 Flensque
381 1250 519 1296 rogat,
551 1244 735 1296 precibus
767 1244 886 1283 lenito
921 1244 1082 1283 Caesare
1116 1245 1285 1295 vestris,

214 1302 331 1341 Busta
364 1304 426 1341 sui
456 1304 550 1342 fiant
580 1308 623 1342 ut
654 1304 838 1354 propiora
870 1304 966 1342 viri.

656 1431 739 1477 III.

155 1534 262 1574 Hanc
294 1535 365 1574 tibi
394 1536 495 1575 Naso
528 1541 620 1575 tuus
653 1537 799 1588 mittit,
831 1536 999 1588 Rufine,
1033 1536 1223 1575 salutem:

214 1593 288 1639 Qui
319 1595 438 1633 miser
470 1600 557 1646 est,
590 1594 659 1633 ulli
691 1596 724 1632 si
756 1607 851 1633 suus
883 1607 969 1633 esse
1001 1600 1154 1645 potest.

155 1652 319 1691 Reddita
351 1654 535 1692 confusae
567 1665 694 1704 nuper
726 1653 866 1691 solacia
898 1655 1019 1691 menti

212 1711 410 1750 Auxilium
441 1713 587 1750 nostris
619 1724 806 1762 spemque
837 1711 962 1750 tulere
995 1711 1128 1750 malis.

115 1776 134 1807 5
154 1768 280 1820 thue
312 1769 547 1808 Machaoniis
578 1769 787 1809 Poeantius
820 1770 969 1808 artibus
1002 1770 1118 1808 heros

213 1827 349 1866 Lenito
382 1828 573 1867 medicam
605 1828 764 1867 vulnere
797 1830 920 1867 sensit
952 1840 1088 1880 opem,

157 1885 220 1924 Sic
252 1898 322 1936 ego
354 1892 484 1926 mente
515 1888 646 1925 iacens
679 1892 717 1925 et
749 1886 888 1925 acerbo
922 1887 1077 1925 saucius
1108 1887 1192 1924 ictu

213 1944 422 1983 Admonitu
455 1946 567 1995 coepi
598 1945 736 1983 fortior
768 1957 853 1984 esse
885 1950 977 1984 tuo:

156 2001 204 2040 Et
234 2003 309 2041 iam
341 2003 524 2042 deficiens
557 2004 613 2042 sic
645 2003 690 2041 ad
723 2008 790 2042 tua
821 2003 937 2042 verba
969 2004 1114 2053 revixi,

72 2067 113 2098 10
193 2059 241 2099 Ut
272 2060 370 2100 solet
400 2062 529 2100 infuso
562 2073 658 2100 vena
689 2062 818 2100 redire
850 2073 982 2100 mero,

155 2117 240 2157 Non
271 2123 399 2158 tamen
431 2119 606 2159 exhibuit
637 2126 763 2159 tantas
796 2120 975 2158 facundia
1006 2120 1131 2170 vires,

213 2176 264 2216 Ut
295 2189 379 2216 mea
411 2179 488 2217 sint
519 2178 634 2217 dictis
665 2183 824 2230 pectora
856 2190 948 2216 sana
979 2179 1081 2216 tuis.

156 2233 206 2273 Ut
235 2235 399 2275 multum
431 2237 562 2275 demas
594 2242 749 2275 nostrae
782 2236 828 2274 de
861 2237 1013 2287 gurgite
1047 2247 1190 2287 curae,

214 2292 299 2332 Non
331 2295 459 2334 minus
492 2295 678 2334 exhausto
711 2294 814 2346 quod
848 2293 1077 2346 superabit,
1109 2294 1210 2333 erit.
