1575 2489
216 92 237 132 1
247 92 298 133 18
805 91 951 126 lenus

244 209 312 241 540
394 200 509 240 Orbis
540 202 580 239 in
612 201 829 239 innumeris
860 201 1057 239 inveniare
1088 200 1224 250 locis]

330 259 452 309 Inque
485 259 563 297 tuis
596 259 753 310 opifex,
785 259 861 296 vati
894 258 997 309 quod
1029 259 1121 298 fecit
1152 259 1329 311 Achaeo,

389 316 511 355 Noxia
541 315 752 354 luminibus
785 315 933 366 spicula
964 316 1104 355 condat
1135 318 1242 367 apis.

333 372 469 423 [Fixus
501 379 540 412 et
570 375 609 412 in
642 373 751 412 duris
784 375 954 424 carparis
986 377 1135 413 viscera
1167 376 1296 427 saxis,

390 432 440 470 Ut
471 433 534 470 cui
565 431 712 482 Pyrrha
744 433 805 470 sui
837 431 913 470 filia
944 432 1075 471 fratris
1108 439 1191 471 erat
1207 431 1231 482 .]

243 498 310 530 545
331 489 381 528 Ut
412 502 511 540 puer
543 489 782 540 Harpagides
814 490 961 529 referas
994 490 1168 541 exempla
1201 490 1416 542 Thyestae,

390 548 512 598 Inque
544 549 602 586 tui
634 560 770 586 caesus
802 549 951 586 viscera
982 550 1103 599 patris
1135 560 1224 587 eas.

332 606 488 644 Trunca
520 618 632 657 geras
665 618 777 644 saevo
809 606 995 645 mutilatis
1027 605 1203 656 partibus
1236 619 1352 658 ense,

248 686 294 691 -
391 663 526 709 Oualla
557 663 766 702 Mamertae
799 663 972 702 membra
1004 665 1123 702 fuisse
1158 665 1311 703 ferunt.

332 722 460 773 thue
494 722 696 773 Syracosio
728 724 960 773 praestricta
991 722 1101 760 fauce
1133 727 1294 773 poetae,

244 788 311 820 550
393 780 457 818 Sic
489 782 636 818 animae
668 780 806 830 laqueo
839 781 890 818 sit
920 782 979 818 via
1011 779 1139 818 clausa
1171 786 1283 819 tuae.

330 838 488 877 Nudave
522 838 681 889 derepta
712 844 869 889 pateant
900 844 964 877 tua
996 839 1146 876 viscera
1177 838 1304 889 pelle,

389 896 440 935 Ut
469 896 681 947 Phrygium
714 898 824 935 cuius
856 898 1011 934 nomina
1044 897 1188 935 ssumen
1220 895 1356 934 habet.

331 954 517 993 Saxificae
549 955 678 993 videas
710 954 843 993 infelix
877 966 944 993 ora
975 954 1183 1006 Medusae,

390 1012 617 1064 Cephenum
649 1012 791 1051 multos
824 1024 922 1062 quae
955 1012 1060 1051 dedit
1091 1025 1167 1051 una
1199 1014 1306 1051 neci.

243 1079 309 1110 555
330 1071 563 1109 Potniadum
595 1083 749 1109 morsus
782 1070 950 1121 subeas,
983 1077 1026 1109 ut
1058 1070 1255 1122 Glaucus,
1289 1081 1501 1121 equarum,

391 1128 529 1179 [Inque
562 1130 680 1167 maris
713 1128 824 1167 salias
843 1160 854 1179 ,
886 1128 1054 1167 Glaucus
1086 1134 1130 1167 ut
1161 1128 1285 1180 alter,
1319 1140 1437 1178 aquas
1452 1127 1478 1178 .]

333 1187 478 1237 [thue
506 1186 657 1225 duobus
689 1186 792 1224 idem
819 1186 932 1224 dictis
957 1186 1071 1224 modo
1098 1198 1239 1225 nomen
1265 1186 1445 1238 habenti,
1490 1193 1544 1226 (26)

388 1245 621 1283 Praefocent
652 1246 800 1283 animae
833 1246 946 1282 noxia
978 1244 1088 1282 mella
1120 1244 1260 1293 viam]

333 1302 585 1353 Sollicitoque
617 1302 755 1354 bibas,
788 1303 901 1353 Anyti
933 1302 1181 1341 doctissimus
1214 1302 1304 1341 olim

245 1370 311 1401 560
391 1361 664 1412 Inperturbato
698 1361 800 1412 quod
833 1361 930 1399 bibit
962 1373 1029 1399 ore
1061 1373 1175 1400 reus.

330 1419 410 1458 Nec
442 1419 542 1471 tibi,
575 1419 702 1470 siquid
735 1431 868 1470 amas,
900 1418 1051 1458 felicius
1084 1419 1279 1457 Haemone
1313 1419 1446 1458 cedat:

390 1477 517 1528 thue
551 1489 619 1516 sua
650 1476 850 1516 Macareus
869 1507 879 1525 ,
912 1478 967 1516 sic
999 1478 1147 1528 potiare
1180 1483 1267 1516 tua.

330 1535 398 1574 Vel
430 1535 560 1574 videas
579 1566 589 1583 ,
623 1535 725 1586 quod
751 1537 825 1573 iam
853 1547 941 1573 cum
967 1534 1141 1573 flammae
1175 1540 1313 1574 cuncta
1345 1541 1543 1587 tenerent,

390 1593 606 1632 Hectoreus
639 1594 761 1644 patria
794 1593 888 1632 vidit
919 1592 964 1632 ab
997 1605 1084 1632 arce
1118 1606 1240 1644 puer.

244 1660 310 1691 565
333 1652 527 1702 Sanguine
560 1651 704 1702 probra
734 1651 817 1690 luas
837 1683 847 1703 ‚
880 1658 923 1690 ut
955 1663 1023 1689 avo
1056 1653 1231 1702 genitore
1265 1658 1443 1703 creatus,

388 1710 462 1748 Per
494 1710 644 1748 facinus
677 1721 789 1748 soror
821 1716 881 1748 est
913 1711 976 1748 cui
1007 1721 1076 1748 sua
1109 1710 1207 1748 facta
1238 1722 1402 1760 parens.

332 1767 495 1807 Ossibus
526 1770 645 1819 inque
677 1769 755 1806 tuis
787 1767 854 1807 teli
885 1780 1008 1818 genus
1041 1768 1197 1807 haereat
1228 1768 1345 1821 illud,

390 1826 573 1865 Traditur
605 1826 718 1864 Icarii
750 1838 825 1876 quo
859 1826 1046 1865 cecidisse
1079 1838 1222 1877 gener.

330 1884 459 1935 thue
490 1885 630 1935 loquax
661 1886 702 1922 in
734 1896 833 1934 equo
866 1890 926 1923 est
958 1884 1096 1923 elisum
1128 1891 1263 1935 guttur
1295 1896 1460 1936 acerno,

242 1952 310 1983 570
404 1942 468 1981 Sic
499 1942 570 1981 tibi
601 1942 802 1981 claudatur
835 1942 973 1993 pollice
1006 1944 1110 1981 vocis
1142 1945 1238 1981 iter.

330 2002 408 2040 Aut
439 2007 482 2039 ut
513 2000 763 2039 Anaxarchus
782 2032 792 2052 ,
823 2001 899 2051 pila
932 2002 1117 2039 minuaris
1148 2003 1187 2039 in
1219 2001 1315 2052 alta,

390 2059 547 2109 Ictaque
579 2071 649 2110 pro
682 2058 805 2097 solitis
837 2059 1014 2110 frugibus
1047 2070 1133 2097 ossa
1166 2065 1325 2097 sonent.

331 2117 458 2168 thue
490 2122 641 2168 patrem
667 2116 913 2167 Psamathes,
949 2117 1088 2155 condat
1120 2123 1158 2156 te
1183 2117 1365 2156 Phoebus
1396 2118 1435 2155 in
1467 2117 1540 2155 ima

389 2176 579 2227 Tartara,
613 2175 714 2225 quod
748 2180 860 2214 natae
893 2176 1039 2214 fecerat
1070 2175 1133 2213 ille
1167 2187 1282 2214 suae.

243 2242 310 2273 575
333 2233 455 2284 Inque
488 2239 576 2273 tuos
609 2246 652 2272 ea
683 2234 805 2284 pestis
837 2238 898 2272 eat
916 2264 926 2284 ,
960 2245 1074 2284 quam
1107 2233 1241 2272 dextra
1274 2232 1439 2272 Coroebi

390 2291 490 2331 Vicit
508 2323 518 2344 ‚
551 2304 663 2343 opem
695 2293 848 2331 miseris
880 2291 1151 2343 Argolisinque
1184 2291 1291 2331 tulit.
