1601 2484
178 95 280 129 XXII

177 206 222 241 ut
251 204 362 252 potui
393 203 545 241 sustuli.
617 202 658 240 in
694 202 847 251 paginis
879 197 973 254 (17)
1006 203 1178 251 adusque
1206 197 1321 255 (24),
1355 204 1388 240 si
1419 215 1502 241 cum

177 262 356 299 Bentleio
387 261 406 298 I
438 271 467 299 V
500 262 551 298 81
588 261 639 297 82
675 262 714 297 et
745 260 763 297 I
796 269 861 297 VII
894 262 944 297 21
982 262 1033 298 22
1068 261 1273 309 exemeris,
1305 261 1506 299 abundant

178 319 345 356 disticha
382 320 584 367 quattuor,
626 318 659 354 si
694 331 731 365 p.
758 313 853 369 (17)
891 330 915 355 a
944 331 980 356 v.
1013 320 1066 356 35
1106 318 1192 355 duci
1233 319 1374 367 possit,
1418 319 1505 358 tria.

178 389 223 414 ea
260 377 451 425 siquidem
491 388 539 412 ex
574 389 610 423 p.
639 371 732 426 (17)
771 375 924 413 detrahi
964 387 1043 414 non
1078 378 1258 425 possunt,
1306 389 1429 425 neque
1466 377 1506 414 in

177 435 352 482 margine
397 435 465 471 aut
508 433 629 482 aliqui
671 436 830 481 praeter
874 433 1046 472 ordinem
1090 434 1314 472 adhaesisse
1355 435 1504 472 dicendi

178 494 285 540 sunt,
317 492 377 529 uti
401 492 442 528 in
466 491 638 528 Lucretii
673 491 836 528 schedae
860 492 975 530 unius
1000 494 1165 541 utraque
1191 492 1335 541 pagina
1359 493 1507 530 factum

178 550 333 598 scripsit
369 549 642 587 Lachmannus
686 563 721 598 p.
757 551 799 597 5,
837 552 978 598 restat,
1019 553 1065 588 ut
1101 550 1270 599 paginae
1310 550 1506 599 inaequali

177 621 362 647 versuum
403 620 565 645 numero
608 607 730 645 fuisse
774 609 973 656 putentur.
1045 608 1086 644 id
1128 608 1168 645 in
1216 608 1327 645 libris
1371 610 1506 646 multis

178 667 219 703 et
250 666 421 714 egregiis
452 678 526 703 usu
550 666 674 714 venit3
706 666 971 714 fragmentum
997 665 1123 703 Guelf.
1148 678 1226 703 non
1251 667 1394 715 ubique
1414 676 1507 704 XXV

176 723 358 762 habuisse
390 723 563 771 videtur,
602 724 843 761 Monacensis
875 723 1039 761 fluctuat
1070 724 1173 760 inter
1204 732 1283 761 XLI
1316 727 1355 761 et
1386 733 1506 773 XLVI,

177 781 529 831 Hamburgensem,
555 781 778 819 Par-isinum
799 782 1015 819 Heroidum
1041 777 1300 830 ‘plerumque'
1326 783 1506 831 tricenos,

176 839 448 877 undetricenos
480 840 625 878 habere
657 840 751 877 olim
778 839 933 888 scripsi,
965 840 1207 878 Marcianum
1232 840 1389 877 Metam.
1416 850 1506 890 XLI,

177 906 290 945 XLII,
323 906 437 935 XLIII
468 897 578 935 Korn
608 911 643 946 p.
676 907 768 936 VIII.
837 910 915 936 non
940 897 1118 935 dubitavi
1149 898 1416 946 quaternionis
1449 898 1507 935 di-

177 955 341 1004 midiati,
374 956 508 1004 quales
536 956 703 993 solitarii
728 956 1005 1004 intercurrunt,
1039 956 1191 1005 paginis
1219 958 1305 993 octo
1333 957 1508 1005 singulos

177 1026 313 1051 versus
346 1013 512 1051 adicere:
552 1014 718 1051 disticha
749 1026 793 1051 eo
825 1014 939 1052 modo
971 1014 1205 1062 aliquotiens
1237 1014 1399 1052 discissa
1429 1027 1508 1052 non

176 1074 390 1120 potuerunt
427 1072 638 1121 offendere,
679 1072 712 1109 si
749 1073 987 1120 archetypus
1018 1073 1284 1120 pentametros
1317 1084 1340 1109 a
1371 1074 1509 1122 regula

176 1141 255 1167 non
286 1129 467 1168 reductos
499 1130 654 1178 habuit,
692 1129 794 1178 quod
833 1132 923 1167 sunt
964 1142 1061 1178 quae
1093 1130 1258 1178 prodere
1290 1130 1508 1169 videantur.

178 1207 233 1214 —-
253 1188 357 1225 intra
381 1201 417 1236 p.
434 1183 527 1239 (26)
547 1188 749 1225 Bentleius
775 1201 836 1226 vv.
859 1189 911 1225 65
941 1189 993 1225 66
1021 1187 1169 1225 deletos
1194 1188 1363 1236 volebat,
1390 1189 1454 1237 qui
1477 1189 1510 1226 si

179 1246 334 1283 facilem
368 1245 680 1283 emendationem
712 1245 875 1293 habent,
913 1246 1107 1293 expellere
1139 1245 1322 1283 videntur
1355 1248 1407 1284 63
1443 1248 1508 1285 64.

294 1303 556 1341 Intervallum
581 1312 645 1341 XII
676 1303 909 1353 paginarum
941 1303 1044 1353 quod
1075 1305 1136 1340 est
1166 1304 1269 1340 inter
1301 1304 1510 1341 secundam

179 1364 218 1399 et
248 1362 409 1399 tertiam
440 1362 630 1410 lacunam,
661 1362 736 1399 nisi
760 1361 864 1399 forte
890 1375 925 1409 p.
954 1358 1048 1414 (31)
1077 1362 1347 1410 supplemento
1373 1363 1507 1400 termi-

178 1423 312 1458 natam
343 1420 474 1468 habet,
505 1420 703 1469 integrum
735 1419 921 1467 perstitit.

295 1478 523 1515 Proximum
548 1490 571 1514 a
590 1491 625 1525 p.
649 1474 743 1528 (40)
764 1477 813 1514 ad
832 1489 969 1515 versus
988 1477 1029 1514 II
1054 1485 1107 1514 111
1137 1478 1188 1514 15
1213 1479 1264 1515 16
1286 1490 1309 1515 a
1328 1478 1508 1516 Bentleio

180 1536 380 1573 confossos
416 1535 580 1584 paginas
622 1535 791 1584 quinque
831 1535 1013 1572 habuisse
1051 1536 1242 1573 convenit.
1314 1536 1508 1574 distichon

179 1594 219 1630 id
250 1594 449 1642 operosius
483 1594 670 1641 scriptum
703 1596 774 1641 est,
806 1605 922 1642 quam
955 1605 1054 1641 quae
1086 1606 1109 1630 a
1140 1594 1361 1631 recentibus
1388 1595 1507 1632 inter-

178 1652 423 1701 polatoribus
461 1652 581 1688 animi
621 1664 738 1688 causa
777 1651 817 1688 in
847 1651 1022 1701 margine
1056 1651 1156 1689 adici
1188 1652 1331 1701 solent3
1370 1653 1510 1690 vocula

179 1711 259 1748 Nec
301 1711 482 1747 lacunam
526 1710 721 1758 expletam
772 1721 856 1747 esse
905 1709 1074 1746 indicare
1118 1710 1282 1748 videtur.
1358 1712 1399 1747 at
1441 1723 1508 1759 pa-

180 1769 295 1817 ginae
327 1769 418 1805 illae
451 1768 619 1816 quinque
651 1780 786 1805 versus
813 1768 1014 1805 continent
1034 1780 1120 1805 CIIII
1145 1780 1230 1805 cum
1257 1768 1426 1806 debeant
1447 1781 1509 1817 cx,

180 1827 321 1864 desunt
357 1826 434 1864 tria
471 1826 653 1874 disticha,
697 1825 801 1874 quod
839 1826 965 1863 solum
1003 1827 1062 1863 est
1098 1826 1139 1863 in
1176 1826 1280 1864 omni
1320 1827 1392 1864 hac
1433 1827 1508 1864 dis-

179 1885 387 1933 punctione
431 1885 548 1932 paulo
592 1884 751 1933 gravius
790 1884 1122 1932 impedimentum.
1195 1885 1324 1922 locum
1366 1887 1509 1930 tamen,

181 1955 255 1992 quo
289 1942 475 1980 excidisse
507 1942 730 1990 videantur,
764 1942 950 1990 dispicere
982 1942 1163 1980 fortassis
1194 1942 1303 1991 licet,
1343 1955 1510 1992 eumque

180 2002 294 2049 plane
340 2013 456 2049 quem
497 2001 721 2038 breviorum
759 2000 987 2038 lacunarum
1027 2000 1216 2049 vidimus,
1259 2001 1300 2037 in
1337 2003 1512 2038 extrema

180 2073 215 2107 p.
239 2055 350 2112 (41):
400 2059 623 2108 neglectum
672 2060 825 2096 mature
882 2060 927 2096 ut
975 2058 1128 2107 signum
1174 2058 1331 2106 aliquod
1379 2059 1511 2097 fuerit.

180 2119 288 2164 Ipse,
321 2117 387 2165 qui
418 2116 697 2167 intelligendus
729 2130 765 2154 v.
794 2118 868 2164 31,
902 2117 1081 2154 Tiberius
1115 2119 1191 2165 est,
1223 2129 1266 2154 ac
1298 2119 1428 2165 potest
1454 2118 1511 2154 in-

182 2175 333 2213 dicatus
364 2175 490 2213 videri
526 2175 656 2213 verbis
690 2174 919 2213 Caesareum
942 2176 1078 2222 pedem
1114 2186 1250 2212 versus
1289 2176 1511 2223 superioris,

183 2247 297 2282 quem
329 2233 539 2271 admodum
571 2236 631 2271 est
656 2233 760 2271 Fast.
787 2232 824 2268 V
851 2234 945 2281 393,
980 2235 1061 2271 396
1095 2233 1280 2280 Pei-spicit
1308 2254 1357 2259 —
1385 2233 1513 2271 Achil-

183 2294 260 2330 leae
290 2304 446 2341 manus,
484 2292 652 2329 maxime
695 2292 727 2329 si
750 2303 822 2338 pes
852 2291 919 2328 ille
952 2303 1160 2340 corporeus
1194 2294 1232 2329 et
1264 2292 1513 2340 aspectabilis
