1575 2489
191 42 274 83 324
725 44 977 76 FASTORUM

364 151 423 188 Me
455 151 578 201 fugit.
635 162 682 188 ex
713 150 840 201 aliquo
873 155 932 189 est
962 149 1191 188 invenienda
1223 149 1320 188 deo.

305 208 435 246 Pliade
467 214 555 246 nate
576 238 586 258 ,
617 219 759 259 mone,
791 209 897 257 virga
928 208 1145 245 venerande
1177 205 1349 258 potenti!

325 264 331 271 '
367 266 487 316 Saepe
520 264 590 303 tibi
624 265 745 316 Stygii
776 267 881 315 regia
912 266 992 303 visa
1023 264 1144 303 Iovis.

306 323 419 361 Venit
450 323 631 361 adoratus
664 322 894 361 Caducifer.
951 324 1081 373 accipe
1113 334 1267 361 causam

220 389 287 420 450
365 380 569 419 Nominis:
613 393 659 418 ex
690 382 773 430 ipso
807 386 866 418 est
897 382 1049 431 cognita
1080 392 1194 419 causa
1226 380 1319 418 deo.

307 438 494 477 Romulus
526 444 569 476 ut
600 438 748 476 tumulo
781 439 970 477 fraternas
1003 438 1174 477 condidit
1205 437 1384 488 umbras,

366 496 415 535 Et
446 496 543 534 male
575 495 696 534 veloci
727 497 828 535 iusta
860 496 984 534 soluta
1015 495 1159 547 Remo,

310 554 519 593 Faustulus
551 553 684 592 infelix
716 560 754 592 et
785 555 908 604 passis
940 554 1039 592 Acca
1071 553 1217 605 capillis

367 611 607 663 Spargebant
637 611 805 650 lacrimis
837 623 923 650 ossa
954 617 1111 662 perusta
1144 613 1246 650 suis.

220 678 287 709 455
308 670 401 708 Inde
434 670 590 708 domum
623 670 789 708 redeunt
820 669 891 708 sub
923 671 1046 720 prima
1079 668 1307 719 crepuscula
1339 669 1497 719 maesti,

366 727 494 778 thue
527 734 638 779 erat,
668 729 709 765 in
742 727 839 766 duro
871 727 1116 778 procubuere
1148 733 1257 765 toro.

309 785 452 824 Umbra
484 791 644 824 cruenta
676 785 787 824 Remi
817 787 897 824 visa
929 791 988 824 est
1019 787 1201 823 assistere
1233 784 1355 835 lecto,

366 844 491 894 Atque
523 843 618 882 haec
651 845 788 894 exiguo
822 855 1022 882 murmure
1054 842 1171 882 verba
1201 842 1329 893 loqui:

309 898 388 940 ‘En
421 914 490 952 ego
524 901 724 940 dimidium
756 903 874 940 vestri
905 913 1073 952 parsque
1106 901 1225 939 altera
1256 902 1357 951 voti,
1443 908 1516 940 (178)

221 968 288 999 460
368 959 552 1011 Cernite,
585 961 657 998 sim
689 959 812 1010 qualis
831 990 842 1011 ,
875 961 941 1010 qui
972 959 1085 997 modo
1119 959 1242 1010 qualis
1274 957 1401 996 eram!

311 1018 385 1063 Qui
417 1017 529 1056 modo
549 1049 559 1068 ,
592 1019 624 1056 si
655 1018 832 1056 volucres
863 1017 1086 1056 habuissem
1117 1028 1236 1067 regna
1267 1015 1469 1067 iubentes,

366 1075 410 1113 In
440 1074 584 1126 populo
616 1077 725 1125 potui
757 1076 946 1113 maximus
979 1087 1063 1113 esse
1096 1086 1205 1125 meo,

308 1133 419 1171 Nunc
452 1132 580 1183 elapsa
611 1134 695 1183 rogi
726 1132 888 1171 flammis
921 1138 959 1170 et
990 1134 1114 1170 inanis
1145 1133 1293 1183 imago,

367 1190 471 1228 Haec
504 1196 563 1228 est
594 1203 640 1229 ex
671 1190 735 1228 illo
768 1191 891 1229 forma
922 1190 1056 1228 relIcta
1088 1189 1231 1228 Remo!

222 1256 289 1287 465
310 1248 395 1287 Heu
426 1247 495 1287 ubi
525 1247 627 1286 Mars
659 1254 768 1299 pater
801 1254 859 1287 est
878 1246 898 1287 i>
942 1249 975 1286 si
1006 1260 1073 1286 vos
1105 1247 1219 1286 modo
1255 1259 1343 1286 vera
1375 1247 1517 1298 locuti,

366 1306 572 1356 Uberaque
605 1308 790 1357 expositis
821 1306 884 1344 ille
916 1306 1039 1345 ferina
1070 1306 1196 1345 dedit.

311 1365 435 1410 Quem
466 1364 555 1415 lupa
588 1366 781 1416 servavit,
812 1376 949 1403 manus
981 1364 1085 1403 hunc
1116 1365 1322 1403 temeraria
1355 1364 1447 1402 civis

368 1422 570 1461 Perdidit.
627 1435 648 1460 ο
682 1429 824 1473 quanto
858 1424 988 1461 mitior
1018 1422 1082 1461 illa
1113 1421 1208 1461 fuit!

311 1480 431 1519 Saeve
463 1480 602 1532 Celer,
635 1480 832 1519 crudelem
865 1482 1030 1519 animam
1068 1492 1138 1531 per
1169 1479 1325 1518 volnera
1357 1480 1518 1532 reddas,

223 1546 291 1578 470
369 1538 495 1589 thue
528 1551 628 1590 ego,
661 1538 732 1578 sub
764 1545 889 1577 terras
921 1538 1244 1588 sanguinulentus
1277 1537 1362 1577 eas!

310 1596 441 1635 Noluit
471 1596 545 1635 hoc
577 1597 725 1647 frater,
758 1598 880 1647 pietas
913 1596 1083 1647 aequalis
1114 1597 1154 1634 in
1185 1595 1249 1634 illo
1283 1602 1365 1635 est.

369 1653 479 1699 Quod
513 1655 667 1705 potuit,
698 1654 876 1693 lacrimas
908 1654 1084 1692 manibus
1115 1653 1177 1692 ille
1210 1653 1337 1692 dedit.

310 1712 423 1751 Hunc
454 1724 522 1750 vos
553 1725 624 1763 per
654 1713 830 1751 lacrimas
849 1744 859 1764 ,
896 1724 966 1763 per
997 1718 1125 1751 vestra
1156 1711 1334 1750 alimenta
1366 1717 1520 1765 rogate,

370 1769 419 1808 Ut
451 1770 644 1808 celebrem
676 1776 810 1809 nostro
843 1772 969 1821 signet
1000 1770 1148 1808 honore
1180 1766 1326 1809 diem.'

224 1836 291 1868 475
312 1828 555 1867 Mandantem
588 1828 768 1879 amplecti
800 1831 962 1880 cupiunt
994 1835 1032 1867 et
1063 1828 1242 1866 bracchia
1273 1828 1462 1868 tendunt:

370 1885 536 1925 Lubrica
567 1892 797 1937 prensantes
830 1888 963 1938 effugit
994 1886 1131 1925 umbra
1162 1898 1322 1925 manus.

313 1944 363 1983 Ut
394 1956 526 1983 secum
558 1945 710 1996 fugiens
743 1957 898 1984 somnos
931 1945 1090 1983 abduxit
1120 1946 1268 1995 imago,

371 2002 427 2041 Ad
459 2015 591 2054 regem
623 2015 736 2042 voces
768 2004 898 2042 fratris
933 2009 1095 2054 uterque
1127 2003 1280 2041 ferunt.

313 2060 502 2099 Romulus
534 2061 764 2112 obsequitur
783 2093 793 2113 ‚
824 2061 1029 2112 lucemque
1061 2060 1245 2099 Remuria
1276 2060 1370 2100 dicit

226 2126 293 2157 430
372 2118 477 2157 Illam
496 2150 507 2170 ‚
539 2131 613 2170 qua
645 2121 782 2170 positis
813 2121 914 2158 iusta
945 2120 1126 2158 feruntur
1157 2120 1258 2157 avis.

313 2176 458 2227 Aspera
490 2184 635 2216 mutata
667 2183 726 2216 est
756 2179 795 2216 in
827 2177 953 2216 lenem
985 2184 1159 2228 tempore
1191 2177 1306 2228 longo

374 2234 547 2287 Littera,
580 2247 677 2286 quae
709 2241 790 2275 toto
823 2237 977 2274 nomine
1009 2237 1133 2287 prima
1165 2236 1260 2288 fuit3
