<?xml version="1.0" encoding="UTF-8"?>
<!DOCTYPE html PUBLIC "-//W3C//DTD XHTML 1.0 Transitional//EN"
    "http://www.w3.org/TR/xhtml1/DTD/xhtml1-transitional.dtd">
<html xmlns="http://www.w3.org/1999/xhtml" xml:lang="en" lang="en">
 <head>
  <title>
</title>
<meta http-equiv="Content-Type" content="text/html;charset=utf-8" />
  <meta name='ocr-system' content='tesseract 3.04.00' />
  <meta name='ocr-capabilities' content='ocr_page ocr_carea ocr_par ocr_line ocrx_word'/>
</head>
<body>
  <div class='ocr_page' id='page_1' title='image "./operaovid01oviduoft_0030.png"; bbox 0 0 1601 2484; ppageno 0'>
   <div class='ocr_carea' id='block_1_1' title="bbox 192 75 311 109">
    <p class='ocr_par' dir='ltr' id='par_1_1' title="bbox 192 75 311 109">
     <span class='ocr_line' id='line_1_1' title="bbox 192 75 311 109; baseline 0.008 -1"><span class='ocrx_word' id='word_1_1' title='bbox 192 75 311 109; x_wconf 86' lang='lat' dir='ltr'>XXVI</span> 
     </span>
    </p>
   </div>
   <div class='ocr_carea' id='block_1_2' title="bbox 192 184 1519 582">
    <p class='ocr_par' dir='ltr' id='par_1_2' title="bbox 192 184 1519 582">
     <span class='ocr_line' id='line_1_2' title="bbox 192 184 1519 234; baseline -0.001 -12"><span class='ocrx_word' id='word_1_2' title='bbox 192 184 364 232; x_wconf 73' lang='lat' dir='ltr'>videtur,</span> <span class='ocrx_word' id='word_1_3' title='bbox 407 186 530 222; x_wconf 73' lang='lat' dir='ltr'>latere</span> <span class='ocrx_word' id='word_1_4' title='bbox 568 185 712 222; x_wconf 70' lang='lat' dir='ltr'>locutio</span> <span class='ocrx_word' id='word_1_5' title='bbox 750 185 846 222; x_wconf 76' lang='lat' dir='ltr'>satis</span> <span class='ocrx_word' id='word_1_6' title='bbox 882 186 1047 234; x_wconf 72' lang='lat' dir='ltr'>usitata,</span> <span class='ocrx_word' id='word_1_7' title='bbox 1091 185 1172 223; x_wconf 83' lang='lat' dir='ltr'>IIII</span> <span class='ocrx_word' id='word_1_8' title='bbox 1208 193 1243 222; x_wconf 87' lang='grc' dir='ltr'>ΙΙ</span> <span class='ocrx_word' id='word_1_9' title='bbox 1277 186 1327 223; x_wconf 86' lang='grc'>13</span> <span class='ocrx_word' id='word_1_10' title='bbox 1366 185 1519 231; x_wconf 77' lang='lat' dir='ltr'>frondes</span> 
     </span>
     <span class='ocr_line' id='line_1_3' title="bbox 194 239 1519 291; baseline -0.001 -12"><span class='ocrx_word' id='word_1_11' title='bbox 194 246 275 279; x_wconf 89' lang='lat' dir='ltr'><em>erat</em></span> <span class='ocrx_word' id='word_1_12' title='bbox 304 244 442 280; x_wconf 80' lang='lat' dir='ltr'><strong><em>addere</em></strong></span> <span class='ocrx_word' id='word_1_13' title='bbox 471 243 586 280; x_wconf 71' lang='lat' dir='ltr'>silvis.</span> <span class='ocrx_word' id='word_1_14' title='bbox 736 251 801 280; x_wconf 88' lang='lat' dir='ltr'>VII</span> <span class='ocrx_word' id='word_1_15' title='bbox 828 239 881 280; x_wconf 82' lang='grc'>12</span> <span class='ocrx_word' id='word_1_16' title='bbox 909 247 1050 291; x_wconf 74' lang='lat' dir='ltr'><em>puynet</em></span> <span class='ocrx_word' id='word_1_17' title='bbox 1072 244 1263 281; x_wconf 88' lang='lat' dir='ltr'>librorum</span> <span class='ocrx_word' id='word_1_18' title='bbox 1293 243 1443 279; x_wconf 75' lang='lat' dir='ltr'>mutavi</span> <span class='ocrx_word' id='word_1_19' title='bbox 1469 242 1519 278; x_wconf 90' lang='lat' dir='ltr'>ad</span> 
     </span>
     <span class='ocr_line' id='line_1_4' title="bbox 194 297 1519 348; baseline 0.002 -12"><span class='ocrx_word' id='word_1_20' title='bbox 194 301 414 348; x_wconf 78' lang='lat' dir='ltr'><em>exemplum</em></span> <span class='ocrx_word' id='word_1_21' title='bbox 450 299 532 336; x_wconf 88' lang='lat' dir='ltr'>IIII</span> <span class='ocrx_word' id='word_1_22' title='bbox 563 307 667 336; x_wconf 84' lang='lat' dir='ltr'>XIIII</span> <span class='ocrx_word' id='word_1_23' title='bbox 707 300 758 337; x_wconf 83' lang='lat'>28</span> <span class='ocrx_word' id='word_1_24' title='bbox 796 301 972 348; x_wconf 74' lang='lat' dir='ltr'><em>pulsetur</em></span> <span class='ocrx_word' id='word_1_25' title='bbox 1015 303 1061 340; x_wconf 80' lang='lat' dir='ltr'>ab</span> <span class='ocrx_word' id='word_1_26' title='bbox 1104 302 1214 339; x_wconf 78' lang='lat' dir='ltr'><em>hoste.</em></span> <span class='ocrx_word' id='word_1_27' title='bbox 1365 297 1418 337; x_wconf 79' lang='lat'>57</span> <span class='ocrx_word' id='word_1_28' title='bbox 1464 300 1519 338; x_wconf 82' lang='lat' dir='ltr'>Ni</span> 
     </span>
     <span class='ocr_line' id='line_1_5' title="bbox 194 356 1519 406; baseline 0 -12"><span class='ocrx_word' id='word_1_29' title='bbox 194 358 388 400; x_wconf 76' lang='lat' dir='ltr'>claudum,</span> <span class='ocrx_word' id='word_1_30' title='bbox 426 356 487 393; x_wconf 83' lang='grc'><strong>1111</strong></span> <span class='ocrx_word' id='word_1_31' title='bbox 524 358 583 394; x_wconf 74' lang='lat' dir='ltr'>est</span> <span class='ocrx_word' id='word_1_32' title='bbox 612 356 674 393; x_wconf 91' lang='lat' dir='ltr'>III</span> <span class='ocrx_word' id='word_1_33' title='bbox 704 365 720 394; x_wconf 92' lang='grc' dir='ltr'>Ι</span> <span class='ocrx_word' id='word_1_34' title='bbox 747 359 799 395; x_wconf 88' lang='grc'>86</span> <span class='ocrx_word' id='word_1_35' title='bbox 841 359 979 397; x_wconf 82' lang='lat' dir='ltr'>clauda</span> <span class='ocrx_word' id='word_1_36' title='bbox 1009 361 1129 406; x_wconf 72' lang='lat' dir='ltr'>officit</span> <span class='ocrx_word' id='word_1_37' title='bbox 1151 370 1267 406; x_wconf 81' lang='lat' dir='ltr'><em>pars,</em></span> <span class='ocrx_word' id='word_1_38' title='bbox 1299 357 1436 406; x_wconf 76' lang='lat' dir='ltr'>putavi</span> <span class='ocrx_word' id='word_1_39' title='bbox 1465 358 1519 394; x_wconf 88' lang='lat' dir='ltr'>la-</span> 
     </span>
     <span class='ocr_line' id='line_1_6' title="bbox 193 411 1519 464; baseline -0.001 -12"><span class='ocrx_word' id='word_1_40' title='bbox 193 415 315 452; x_wconf 74' lang='grc'><strong>1111550</strong></span> <span class='ocrx_word' id='word_1_41' title='bbox 346 415 388 451; x_wconf 86' lang='grc'>111</span> <span class='ocrx_word' id='word_1_42' title='bbox 411 414 492 452; x_wconf 87' lang='lat' dir='ltr'>Nee</span> <span class='ocrx_word' id='word_1_43' title='bbox 522 411 600 452; x_wconf 72' lang='lat' dir='ltr'>tam</span> <span class='ocrx_word' id='word_1_44' title='bbox 623 414 826 452; x_wconf 83' lang='lat' dir='ltr'>librorum.</span> <span class='ocrx_word' id='word_1_45' title='bbox 976 414 1030 454; x_wconf 93' lang='lat'>66</span> <span class='ocrx_word' id='word_1_46' title='bbox 1048 419 1137 464; x_wconf 77' lang='lat' dir='ltr'>pati</span> <span class='ocrx_word' id='word_1_47' title='bbox 1161 415 1345 453; x_wconf 82' lang='lat' dir='ltr'><strong>dederam</strong></span> <span class='ocrx_word' id='word_1_48' title='bbox 1368 414 1519 464; x_wconf 80' lang='lat' dir='ltr'>pridem</span> 
     </span>
     <span class='ocr_line' id='line_1_7' title="bbox 192 468 1517 524; baseline 0 -15"><span class='ocrx_word' id='word_1_49' title='bbox 192 484 262 520; x_wconf 88' lang='lat' dir='ltr'>pro</span> <span class='ocrx_word' id='word_1_50' title='bbox 289 474 380 520; x_wconf 74' lang='lat' dir='ltr'><em>dati,</em></span> <span class='ocrx_word' id='word_1_51' title='bbox 411 472 453 509; x_wconf 90' lang='lat' dir='ltr'>in</span> <span class='ocrx_word' id='word_1_52' title='bbox 482 472 584 510; x_wconf 88' lang='lat' dir='ltr'>hunc</span> <span class='ocrx_word' id='word_1_53' title='bbox 617 484 784 521; x_wconf 85' lang='lat' dir='ltr'>sensum,</span> <span class='ocrx_word' id='word_1_54' title='bbox 816 468 936 511; x_wconf 73' lang='lat' dir='ltr'>‘haud</span> <span class='ocrx_word' id='word_1_55' title='bbox 965 477 1141 524; x_wconf 77' lang='lat' dir='ltr'>gravate,</span> <span class='ocrx_word' id='word_1_56' title='bbox 1173 476 1363 523; x_wconf 72' lang='lat' dir='ltr'>quantum</span> <span class='ocrx_word' id='word_1_57' title='bbox 1394 472 1517 521; x_wconf 84' lang='lat' dir='ltr'>digni-</span> 
     </span>
     <span class='ocr_line' id='line_1_8' title="bbox 193 528 1519 582; baseline 0.001 -15"><span class='ocrx_word' id='word_1_58' title='bbox 193 532 254 567; x_wconf 83' lang='grc'>135</span> <span class='ocrx_word' id='word_1_59' title='bbox 290 531 509 578; x_wconf 71' lang='lat' dir='ltr'>pateretur,</span> <span class='ocrx_word' id='word_1_60' title='bbox 546 531 650 568; x_wconf 79' lang='grc'><strong>111110</strong></span> <span class='ocrx_word' id='word_1_61' title='bbox 687 531 834 568; x_wconf 71' lang='lat' dir='ltr'>multos</span> <span class='ocrx_word' id='word_1_62' title='bbox 872 528 1127 582; x_wconf 84' lang='lat' dir='ltr'>demerebas&#39;,</span> <span class='ocrx_word' id='word_1_63' title='bbox 1165 537 1204 570; x_wconf 75' lang='lat' dir='ltr'>et</span> <span class='ocrx_word' id='word_1_64' title='bbox 1242 532 1288 569; x_wconf 89' lang='lat' dir='ltr'>de</span> <span class='ocrx_word' id='word_1_65' title='bbox 1325 531 1519 569; x_wconf 77' lang='lat' dir='ltr'>locutione</span> 
     </span>
    </p>
   </div>
   <div class='ocr_carea' id='block_1_3' title="bbox 193 586 1521 753">
    <p class='ocr_par' dir='ltr' id='par_1_3' title="bbox 193 586 1521 753">
     <span class='ocr_line' id='line_1_9' title="bbox 193 586 1521 638; baseline 0.002 -13"><span class='ocrx_word' id='word_1_66' title='bbox 193 589 421 626; x_wconf 75' lang='lat' dir='ltr'>antestabar</span> <span class='ocrx_word' id='word_1_67' title='bbox 450 588 604 626; x_wconf 84' lang='lat' dir='ltr'>Heinsii</span> <span class='ocrx_word' id='word_1_68' title='bbox 634 588 882 638; x_wconf 66' lang='lat' dir='ltr'>Adversaria„</span> <span class='ocrx_word' id='word_1_69' title='bbox 911 602 948 637; x_wconf 88' lang='lat' dir='ltr'>p.</span> <span class='ocrx_word' id='word_1_70' title='bbox 976 590 1071 628; x_wconf 83' lang='lat'>537.</span> <span class='ocrx_word' id='word_1_71' title='bbox 1220 599 1304 627; x_wconf 88' lang='lat' dir='ltr'>VIII</span> <span class='ocrx_word' id='word_1_72' title='bbox 1335 586 1390 627; x_wconf 82' lang='grc'>23</span> <span class='ocrx_word' id='word_1_73' title='bbox 1423 590 1521 636; x_wconf 78' lang='lat' dir='ltr'>quod</span> 
     </span>
     <span class='ocr_line' id='line_1_10' title="bbox 193 645 1519 694; baseline 0 -11"><span class='ocrx_word' id='word_1_74' title='bbox 193 649 226 683; x_wconf 90' lang='lat' dir='ltr'><em>et</em></span> <span class='ocrx_word' id='word_1_75' title='bbox 242 649 418 693; x_wconf 86' lang='lat' dir='ltr'><em>praestat</em></span> <span class='ocrx_word' id='word_1_76' title='bbox 442 646 679 694; x_wconf 74' lang='lat' dir='ltr'>explicatum</span> <span class='ocrx_word' id='word_1_77' title='bbox 709 658 787 684; x_wconf 91' lang='lat' dir='ltr'>non</span> <span class='ocrx_word' id='word_1_78' title='bbox 817 647 1000 685; x_wconf 73' lang='lat' dir='ltr'>habebat.</span> <span class='ocrx_word' id='word_1_79' title='bbox 1150 645 1205 685; x_wconf 88' lang='grc'>60</span> <span class='ocrx_word' id='word_1_80' title='bbox 1230 649 1323 686; x_wconf 82' lang='lat' dir='ltr'>dare</span> <span class='ocrx_word' id='word_1_81' title='bbox 1353 649 1433 685; x_wconf 79' lang='lat' dir='ltr'>iam</span> <span class='ocrx_word' id='word_1_82' title='bbox 1462 647 1519 684; x_wconf 84' lang='lat' dir='ltr'>vi—</span> 
     </span>
     <span class='ocr_line' id='line_1_11' title="bbox 194 702 1518 753; baseline 0.001 -12"><span class='ocrx_word' id='word_1_83' title='bbox 194 704 339 741; x_wconf 77' lang='lat' dir='ltr'>tiosum</span> <span class='ocrx_word' id='word_1_84' title='bbox 364 703 530 753; x_wconf 76' lang='lat' dir='ltr'>videtur,</span> <span class='ocrx_word' id='word_1_85' title='bbox 548 716 725 753; x_wconf 74' lang='lat' dir='ltr'>poryam⁷</span> <span class='ocrx_word' id='word_1_86' title='bbox 751 706 930 742; x_wconf 75' lang='lat' dir='ltr'><em>dirimam</em></span> <span class='ocrx_word' id='word_1_87' title='bbox 954 716 1033 742; x_wconf 92' lang='lat' dir='ltr'>non</span> <span class='ocrx_word' id='word_1_88' title='bbox 1058 705 1314 742; x_wconf 73' lang='lat' dir='ltr'>satisfaciunt.</span> <span class='ocrx_word' id='word_1_89' title='bbox 1464 702 1518 742; x_wconf 93' lang='lat'>67</span> 
     </span>
    </p>
   </div>
   <div class='ocr_carea' id='block_1_4' title="bbox 188 762 1521 1159">
    <p class='ocr_par' dir='ltr' id='par_1_4' title="bbox 188 762 1521 868">
     <span class='ocr_line' id='line_1_12' title="bbox 188 762 1521 811; baseline 0 -12"><span class='ocrx_word' id='word_1_90' title='bbox 188 764 370 809; x_wconf 73' lang='lat' dir='ltr'><em>petentem</em></span> <span class='ocrx_word' id='word_1_91' title='bbox 410 762 521 800; x_wconf 89' lang='lat' dir='ltr'>libri:</span> <span class='ocrx_word' id='word_1_92' title='bbox 558 766 693 810; x_wconf 72' lang='lat' dir='ltr'><em>potens</em></span> <span class='ocrx_word' id='word_1_93' title='bbox 728 763 845 810; x_wconf 81' lang='lat' dir='ltr'>paulo</span> <span class='ocrx_word' id='word_1_94' title='bbox 888 762 1125 811; x_wconf 80' lang='lat' dir='ltr'>singularius</span> <span class='ocrx_word' id='word_1_95' title='bbox 1163 763 1345 811; x_wconf 81' lang='lat' dir='ltr'><strong>frequens</strong></span> <span class='ocrx_word' id='word_1_96' title='bbox 1383 764 1445 799; x_wconf 76' lang='lat' dir='ltr'>est</span> <span class='ocrx_word' id='word_1_97' title='bbox 1480 762 1521 799; x_wconf 90' lang='lat' dir='ltr'>in</span> 
     </span>
     <span class='ocr_line' id='line_1_13' title="bbox 192 820 1087 868; baseline 0.002 -11"><span class='ocrx_word' id='word_1_98' title='bbox 192 820 585 868; x_wconf 75' lang='lat' dir='ltr'>Metamorphosibus,</span> <span class='ocrx_word' id='word_1_99' title='bbox 617 820 700 858; x_wconf 91' lang='lat' dir='ltr'>IIII</span> <span class='ocrx_word' id='word_1_100' title='bbox 734 822 813 858; x_wconf 80' lang='lat'>325</span> <span class='ocrx_word' id='word_1_101' title='bbox 847 820 966 857; x_wconf 88' lang='lat' dir='ltr'>XIIII</span> <span class='ocrx_word' id='word_1_102' title='bbox 993 822 1087 859; x_wconf 83' lang='lat'>657.</span> 
     </span>
    </p>

    <p class='ocr_par' dir='ltr' id='par_1_5' title="bbox 190 875 1521 1101">
     <span class='ocr_line' id='line_1_14' title="bbox 308 875 1518 926; baseline 0.001 -11"><span class='ocrx_word' id='word_1_103' title='bbox 308 878 394 915; x_wconf 85' lang='lat' dir='ltr'>Lib.</span> <span class='ocrx_word' id='word_1_104' title='bbox 414 878 454 915; x_wconf 93' lang='lat' dir='ltr'>II</span> <span class='ocrx_word' id='word_1_105' title='bbox 479 887 514 916; x_wconf 91' lang='lat' dir='ltr'>II</span> <span class='ocrx_word' id='word_1_106' title='bbox 540 875 594 915; x_wconf 86' lang='lat'>91</span> <span class='ocrx_word' id='word_1_107' title='bbox 627 878 718 916; x_wconf 82' lang='lat' dir='ltr'>libri</span> <span class='ocrx_word' id='word_1_108' title='bbox 744 880 841 916; x_wconf 79' lang='lat' dir='ltr'>diem</span> <span class='ocrx_word' id='word_1_109' title='bbox 865 890 1050 926; x_wconf 75' lang='lat' dir='ltr'><em>quamque</em></span> <span class='ocrx_word' id='word_1_110' title='bbox 1076 879 1170 925; x_wconf 75' lang='lat' dir='ltr'><em>(Qua</em></span> <span class='ocrx_word' id='word_1_111' title='bbox 1194 890 1320 925; x_wconf 67' lang='lat' dir='ltr'><em>qzcam,</em></span> <span class='ocrx_word' id='word_1_112' title='bbox 1348 879 1518 925; x_wconf 75' lang='lat' dir='ltr'><em>Quaqua)</em></span> 
     </span>
     <span class='ocr_line' id='line_1_15' title="bbox 192 932 1521 985; baseline 0 -12"><span class='ocrx_word' id='word_1_113' title='bbox 192 936 354 973; x_wconf 78' lang='lat' dir='ltr'>decreta:</span> <span class='ocrx_word' id='word_1_114' title='bbox 387 936 463 974; x_wconf 71' lang='lat' dir='ltr'>fuit</span> <span class='ocrx_word' id='word_1_115' title='bbox 488 934 686 985; x_wconf 67' lang='lat' dir='ltr'>DIENOUA,</span> <span class='ocrx_word' id='word_1_116' title='bbox 714 936 744 981; x_wconf 82' lang='lat' dir='ltr'><strong>Q</strong></span> <span class='ocrx_word' id='word_1_117' title='bbox 771 937 915 974; x_wconf 75' lang='lat' dir='ltr'>lectum</span> <span class='ocrx_word' id='word_1_118' title='bbox 940 949 1010 985; x_wconf 89' lang='lat' dir='ltr'>pro</span> <span class='ocrx_word' id='word_1_119' title='bbox 1038 935 1082 974; x_wconf 93' lang='lat' dir='ltr'>O.</span> <span class='ocrx_word' id='word_1_120' title='bbox 1151 932 1264 974; x_wconf 75' lang='lat' dir='ltr'>‘hanc</span> <span class='ocrx_word' id='word_1_121' title='bbox 1290 935 1393 973; x_wconf 90' lang='lat' dir='ltr'>diem</span> <span class='ocrx_word' id='word_1_122' title='bbox 1418 936 1521 973; x_wconf 75' lang='lat' dir='ltr'>colet</span> 
     </span>
     <span class='ocr_line' id='line_1_16' title="bbox 191 994 1519 1042; baseline 0 -12"><span class='ocrx_word' id='word_1_123' title='bbox 191 1005 285 1041; x_wconf 86' lang='lat' dir='ltr'>prae</span> <span class='ocrx_word' id='word_1_124' title='bbox 317 994 402 1042; x_wconf 82' lang='lat' dir='ltr'>illa,</span> <span class='ocrx_word' id='word_1_125' title='bbox 441 1006 518 1042; x_wconf 89' lang='lat' dir='ltr'>qua</span> <span class='ocrx_word' id='word_1_126' title='bbox 547 994 588 1031; x_wconf 91' lang='lat' dir='ltr'>in</span> <span class='ocrx_word' id='word_1_127' title='bbox 618 994 721 1031; x_wconf 89' lang='lat' dir='ltr'>bello</span> <span class='ocrx_word' id='word_1_128' title='bbox 753 994 974 1032; x_wconf 88' lang='lat' dir='ltr'>Pannonico</span> <span class='ocrx_word' id='word_1_129' title='bbox 1006 995 1090 1042; x_wconf 82' lang='lat' dir='ltr'>ipso</span> <span class='ocrx_word' id='word_1_130' title='bbox 1123 996 1352 1032; x_wconf 76' lang='lat' dir='ltr'>ornamenta</span> <span class='ocrx_word' id='word_1_131' title='bbox 1383 994 1519 1031; x_wconf 79' lang='lat' dir='ltr'>trium-</span> 
     </span>
     <span class='ocr_line' id='line_1_17' title="bbox 190 1048 1377 1101; baseline 0.002 -13"><span class='ocrx_word' id='word_1_132' title='bbox 190 1051 323 1100; x_wconf 86' lang='lat' dir='ltr'>phalia</span> <span class='ocrx_word' id='word_1_133' title='bbox 355 1052 511 1089; x_wconf 75' lang='lat' dir='ltr'>decreta</span> <span class='ocrx_word' id='word_1_134' title='bbox 542 1048 646 1089; x_wconf 80' lang='grc'><strong>511111’</strong></span> <span class='ocrx_word' id='word_1_135' title='bbox 652 1082 660 1089; x_wconf 91' lang='grc'><strong>.</strong></span> <span class='ocrx_word' id='word_1_136' title='bbox 731 1052 915 1101; x_wconf 83' lang='lat' dir='ltr'>Graeber,</span> <span class='ocrx_word' id='word_1_137' title='bbox 948 1052 1106 1097; x_wconf 76' lang='lat' dir='ltr'>Quaest.</span> <span class='ocrx_word' id='word_1_138' title='bbox 1140 1051 1207 1090; x_wconf 83' lang='lat' dir='ltr'>Ov.</span> <span class='ocrx_word' id='word_1_139' title='bbox 1228 1067 1264 1101; x_wconf 84' lang='lat' dir='ltr'><em>p.</em></span> <span class='ocrx_word' id='word_1_140' title='bbox 1285 1061 1377 1090; x_wconf 84' lang='lat' dir='ltr'>XIX.</span> 
     </span>
    </p>

    <p class='ocr_par' dir='ltr' id='par_1_6' title="bbox 314 1107 1352 1159">
     <span class='ocr_line' id='line_1_18' title="bbox 314 1107 1352 1159; baseline 0.002 -13"><span class='ocrx_word' id='word_1_141' title='bbox 314 1118 384 1147; x_wconf 89' lang='lat'>1111</span> <span class='ocrx_word' id='word_1_142' title='bbox 406 1107 428 1147; x_wconf 91' lang='lat'>7</span> <span class='ocrx_word' id='word_1_143' title='bbox 450 1110 781 1159; x_wconf 80' lang='lat' dir='ltr'>Hamburgensis:</span> <span class='ocrx_word' id='word_1_144' title='bbox 801 1114 948 1149; x_wconf 77' lang='lat' dir='ltr'><em>nostros</em></span> <span class='ocrx_word' id='word_1_145' title='bbox 967 1114 1034 1149; x_wconf 80' lang='lat' dir='ltr'>tua</span> <span class='ocrx_word' id='word_1_146' title='bbox 1053 1122 1092 1148; x_wconf 92' lang='lat' dir='ltr'><em>.e.</em></span> <span class='ocrx_word' id='word_1_147' title='bbox 1113 1114 1179 1148; x_wconf 78' lang='lat' dir='ltr'>tua</span> <span class='ocrx_word' id='word_1_148' title='bbox 1197 1122 1352 1158; x_wconf 79' lang='lat' dir='ltr'><em>semper.</em></span> 
     </span>
    </p>
   </div>
   <div class='ocr_carea' id='block_1_5' title="bbox 191 1164 1520 1275">
    <p class='ocr_par' dir='ltr' id='par_1_7' title="bbox 191 1164 1520 1275">
     <span class='ocr_line' id='line_1_19' title="bbox 191 1164 1520 1216; baseline 0 -11"><span class='ocrx_word' id='word_1_149' title='bbox 191 1176 255 1205; x_wconf 84' lang='lat' dir='ltr'>VII</span> <span class='ocrx_word' id='word_1_150' title='bbox 287 1164 314 1205; x_wconf 80' lang='lat'>5</span> <span class='ocrx_word' id='word_1_151' title='bbox 345 1168 435 1205; x_wconf 78' lang='lat' dir='ltr'>libri</span> <span class='ocrx_word' id='word_1_152' title='bbox 467 1172 577 1206; x_wconf 71' lang='lat' dir='ltr'><em>tamor</em></span> <span class='ocrx_word' id='word_1_153' title='bbox 609 1171 697 1215; x_wconf 78' lang='lat' dir='ltr'><em>ipse.</em></span> <span class='ocrx_word' id='word_1_154' title='bbox 768 1168 788 1205; x_wconf 92' lang='lat' dir='ltr'>I</span> <span class='ocrx_word' id='word_1_155' title='bbox 807 1177 858 1205; x_wconf 89' lang='grc' dir='ltr'>ΠΙ</span> <span class='ocrx_word' id='word_1_156' title='bbox 886 1170 936 1206; x_wconf 90' lang='grc'>13</span> <span class='ocrx_word' id='word_1_157' title='bbox 964 1171 1115 1207; x_wconf 70' lang='lat' dir='ltr'><em>nostrae</em></span> <span class='ocrx_word' id='word_1_158' title='bbox 1145 1170 1190 1206; x_wconf 85' lang='lat' dir='ltr'>de</span> <span class='ocrx_word' id='word_1_159' title='bbox 1217 1171 1365 1216; x_wconf 57' lang='lat' dir='ltr'><em>,ammte</em></span> <span class='ocrx_word' id='word_1_160' title='bbox 1395 1179 1520 1210; x_wconf 82' lang='lat' dir='ltr'>curae,</span> 
     </span>
     <span class='ocr_line' id='line_1_20' title="bbox 194 1226 1520 1275; baseline 0 -13"><span class='ocrx_word' id='word_1_161' title='bbox 194 1228 318 1263; x_wconf 74' lang='lat' dir='ltr'><em>tumor</em></span> <span class='ocrx_word' id='word_1_162' title='bbox 348 1237 476 1263; x_wconf 76' lang='lat' dir='ltr'>rerum</span> <span class='ocrx_word' id='word_1_163' title='bbox 507 1226 611 1273; x_wconf 90' lang='lat' dir='ltr'>apud</span> <span class='ocrx_word' id='word_1_164' title='bbox 643 1226 885 1275; x_wconf 74' lang='lat' dir='ltr'>Ciceronem,</span> <span class='ocrx_word' id='word_1_165' title='bbox 918 1227 1085 1264; x_wconf 77' lang='lat' dir='ltr'>tumidae</span> <span class='ocrx_word' id='word_1_166' title='bbox 1114 1227 1241 1264; x_wconf 77' lang='lat' dir='ltr'>undae</span> <span class='ocrx_word' id='word_1_167' title='bbox 1270 1226 1332 1263; x_wconf 89' lang='lat' dir='ltr'>III</span> <span class='ocrx_word' id='word_1_168' title='bbox 1362 1234 1429 1263; x_wconf 91' lang='lat' dir='ltr'>VII</span> <span class='ocrx_word' id='word_1_169' title='bbox 1457 1227 1520 1263; x_wconf 84' lang='lat'>28.</span> 
     </span>
    </p>
   </div>
   <div class='ocr_carea' id='block_1_6' title="bbox 192 1280 1523 1451">
    <p class='ocr_par' dir='ltr' id='par_1_8' title="bbox 192 1280 1523 1451">
     <span class='ocr_line' id='line_1_21' title="bbox 338 1280 1523 1332; baseline -0.001 -11"><span class='ocrx_word' id='word_1_170' title='bbox 338 1280 395 1321; x_wconf 78' lang='lat'>24</span> <span class='ocrx_word' id='word_1_171' title='bbox 432 1284 654 1321; x_wconf 73' lang='lat' dir='ltr'>emendavit</span> <span class='ocrx_word' id='word_1_172' title='bbox 691 1284 852 1332; x_wconf 79' lang='lat' dir='ltr'>pulchre</span> <span class='ocrx_word' id='word_1_173' title='bbox 890 1283 1064 1323; x_wconf 84' lang='lat' dir='ltr'>Ellisius.</span> <span class='ocrx_word' id='word_1_174' title='bbox 1212 1292 1296 1321; x_wconf 88' lang='lat' dir='ltr'>VIII</span> <span class='ocrx_word' id='word_1_175' title='bbox 1336 1280 1386 1321; x_wconf 91' lang='grc'>11</span> <span class='ocrx_word' id='word_1_176' title='bbox 1431 1283 1523 1320; x_wconf 84' lang='lat' dir='ltr'>libri</span> 
     </span>
     <span class='ocr_line' id='line_1_22' title="bbox 192 1341 1519 1390; baseline 0 -12"><span class='ocrx_word' id='word_1_177' title='bbox 192 1341 343 1389; x_wconf 76' lang='lat' dir='ltr'>Quanta</span> <span class='ocrx_word' id='word_1_178' title='bbox 382 1343 533 1384; x_wconf 76' lang='lat' dir='ltr'>meridi,</span> <span class='ocrx_word' id='word_1_179' title='bbox 586 1342 736 1390; x_wconf 73' lang='lat' dir='ltr'>Quanta</span> <span class='ocrx_word' id='word_1_180' title='bbox 774 1354 799 1379; x_wconf 89' lang='lat' dir='ltr'><em>a</em></span> <span class='ocrx_word' id='word_1_181' title='bbox 836 1345 869 1379; x_wconf 88' lang='lat' dir='ltr'><em>te</em></span> <span class='ocrx_word' id='word_1_182' title='bbox 911 1344 1044 1380; x_wconf 80' lang='lat' dir='ltr'>merui.</span> <span class='ocrx_word' id='word_1_183' title='bbox 1118 1343 1244 1380; x_wconf 74' lang='lat' dir='ltr'>restat</span> <span class='ocrx_word' id='word_1_184' title='bbox 1286 1341 1519 1389; x_wconf 76' lang='lat' dir='ltr'>corruptela.</span> 
     </span>
     <span class='ocr_line' id='line_1_23' title="bbox 331 1395 1522 1451; baseline -0.001 -14"><span class='ocrx_word' id='word_1_185' title='bbox 331 1408 362 1437; x_wconf 85' lang='lat' dir='ltr'>X</span> <span class='ocrx_word' id='word_1_186' title='bbox 393 1397 449 1437; x_wconf 82' lang='lat'>45</span> <span class='ocrx_word' id='word_1_187' title='bbox 485 1399 576 1436; x_wconf 86' lang='lat' dir='ltr'>libri</span> <span class='ocrx_word' id='word_1_188' title='bbox 607 1401 698 1447; x_wconf 80' lang='lat' dir='ltr'><em>Ipse</em></span> <span class='ocrx_word' id='word_1_189' title='bbox 734 1401 883 1447; x_wconf 74' lang='lat' dir='ltr'>quidem</span> <span class='ocrx_word' id='word_1_190' title='bbox 914 1403 1009 1438; x_wconf 83' lang='lat' dir='ltr'>certe</span> <span class='ocrx_word' id='word_1_191' title='bbox 1041 1395 1187 1451; x_wconf 84' lang='lat' dir='ltr'>(certo).</span> <span class='ocrx_word' id='word_1_192' title='bbox 1336 1396 1392 1437; x_wconf 84' lang='lat'>49</span> <span class='ocrx_word' id='word_1_193' title='bbox 1430 1399 1522 1436; x_wconf 85' lang='lat' dir='ltr'>libri</span> 
     </span>
    </p>
   </div>
   <div class='ocr_carea' id='block_1_7' title="bbox 191 1459 1524 2319">
    <p class='ocr_par' dir='ltr' id='par_1_9' title="bbox 192 1459 460 1496">
     <span class='ocr_line' id='line_1_24' title="bbox 192 1459 460 1496; baseline -0.004 0"><span class='ocrx_word' id='word_1_194' title='bbox 192 1459 460 1496; x_wconf 73' lang='lat' dir='ltr'>celeberrimus.</span> 
     </span>
    </p>

    <p class='ocr_par' dir='ltr' id='par_1_10' title="bbox 191 1512 1523 1738">
     <span class='ocr_line' id='line_1_25' title="bbox 308 1512 1522 1564; baseline 0.001 -12"><span class='ocrx_word' id='word_1_195' title='bbox 308 1516 393 1553; x_wconf 90' lang='lat' dir='ltr'>Lib.</span> <span class='ocrx_word' id='word_1_196' title='bbox 414 1515 475 1552; x_wconf 86' lang='lat' dir='ltr'>III</span> <span class='ocrx_word' id='word_1_197' title='bbox 495 1524 510 1552; x_wconf 95' lang='lat'>1</span> <span class='ocrx_word' id='word_1_198' title='bbox 539 1512 620 1553; x_wconf 70' lang='lat'>126</span> <span class='ocrx_word' id='word_1_199' title='bbox 652 1515 743 1552; x_wconf 86' lang='lat' dir='ltr'>libri</span> <span class='ocrx_word' id='word_1_200' title='bbox 774 1516 879 1561; x_wconf 78' lang='lat' dir='ltr'><em>falsa</em></span> <span class='ocrx_word' id='word_1_201' title='bbox 910 1516 1005 1553; x_wconf 75' lang='lat' dir='ltr'>tulit.</span> <span class='ocrx_word' id='word_1_202' title='bbox 1055 1516 1124 1553; x_wconf 75' lang='lat' dir='ltr'>luit</span> <span class='ocrx_word' id='word_1_203' title='bbox 1146 1528 1217 1563; x_wconf 89' lang='lat' dir='ltr'>pro</span> <span class='ocrx_word' id='word_1_204' title='bbox 1244 1527 1300 1562; x_wconf 80' lang='lat' dir='ltr'>ee,</span> <span class='ocrx_word' id='word_1_205' title='bbox 1333 1515 1436 1564; x_wconf 87' lang='lat' dir='ltr'>quod</span> <span class='ocrx_word' id='word_1_206' title='bbox 1462 1517 1522 1553; x_wconf 74' lang='lat' dir='ltr'>est</span> 
     </span>
     <span class='ocr_line' id='line_1_26' title="bbox 191 1573 1523 1622; baseline -0.001 -11"><span class='ocrx_word' id='word_1_207' title='bbox 191 1575 316 1621; x_wconf 65' lang='lat' dir='ltr'>diluit,</span> <span class='ocrx_word' id='word_1_208' title='bbox 361 1573 508 1610; x_wconf 77' lang='lat' dir='ltr'>dictum</span> <span class='ocrx_word' id='word_1_209' title='bbox 549 1575 656 1621; x_wconf 75' lang='lat' dir='ltr'><em>puto.</em></span> <span class='ocrx_word' id='word_1_210' title='bbox 730 1574 871 1611; x_wconf 78' lang='lat' dir='ltr'>diluere</span> <span class='ocrx_word' id='word_1_211' title='bbox 914 1575 1071 1622; x_wconf 70' lang='lat' dir='ltr'>crimen,</span> <span class='ocrx_word' id='word_1_212' title='bbox 1121 1574 1263 1611; x_wconf 79' lang='lat' dir='ltr'>diluere</span> <span class='ocrx_word' id='word_1_213' title='bbox 1306 1577 1339 1611; x_wconf 85' lang='lat' dir='ltr'><em>et</em></span> <span class='ocrx_word' id='word_1_214' title='bbox 1379 1574 1523 1621; x_wconf 79' lang='lat' dir='ltr'><em>falsum</em></span> 
     </span>
     <span class='ocr_line' id='line_1_27' title="bbox 193 1630 1523 1679; baseline 0.001 -10"><span class='ocrx_word' id='word_1_215' title='bbox 193 1643 270 1669; x_wconf 87' lang='lat' dir='ltr'><em>esse</em></span> <span class='ocrx_word' id='word_1_216' title='bbox 312 1632 441 1669; x_wconf 80' lang='lat' dir='ltr'>dooere</span> <span class='ocrx_word' id='word_1_217' title='bbox 484 1633 575 1668; x_wconf 88' lang='grc'><strong>511111</strong></span> <span class='ocrx_word' id='word_1_218' title='bbox 617 1631 720 1679; x_wconf 87' lang='lat' dir='ltr'>apud</span> <span class='ocrx_word' id='word_1_219' title='bbox 761 1630 1003 1679; x_wconf 81' lang='lat' dir='ltr'>Ciceronem,</span> <span class='ocrx_word' id='word_1_220' title='bbox 1048 1632 1150 1669; x_wconf 79' lang='lat' dir='ltr'>luere</span> <span class='ocrx_word' id='word_1_221' title='bbox 1191 1634 1357 1669; x_wconf 73' lang='lat' dir='ltr'><em>insontes</em></span> <span class='ocrx_word' id='word_1_222' title='bbox 1397 1643 1523 1670; x_wconf 89' lang='lat' dir='ltr'>errore</span> 
     </span>
     <span class='ocr_line' id='line_1_28' title="bbox 193 1686 1522 1738; baseline 0 -11"><span class='ocrx_word' id='word_1_223' title='bbox 193 1689 297 1738; x_wconf 86' lang='lat' dir='ltr'>apud</span> <span class='ocrx_word' id='word_1_224' title='bbox 333 1690 420 1728; x_wconf 88' lang='lat' dir='ltr'>Val.</span> <span class='ocrx_word' id='word_1_225' title='bbox 458 1689 653 1728; x_wconf 82' lang='lat' dir='ltr'>Flaccum.</span> <span class='ocrx_word' id='word_1_226' title='bbox 802 1698 836 1726; x_wconf 92' lang='lat' dir='ltr'>II</span> <span class='ocrx_word' id='word_1_227' title='bbox 873 1686 900 1727; x_wconf 78' lang='lat'>2</span> <span class='ocrx_word' id='word_1_228' title='bbox 944 1689 1035 1726; x_wconf 89' lang='lat' dir='ltr'>libri</span> <span class='ocrx_word' id='word_1_229' title='bbox 1070 1691 1340 1737; x_wconf 71' lang='lat' dir='ltr'>perveniatque</span> <span class='ocrx_word' id='word_1_230' title='bbox 1375 1701 1522 1737; x_wconf 81' lang='lat' dir='ltr'>precor.</span> 
     </span>
    </p>

    <p class='ocr_par' dir='ltr' id='par_1_11' title="bbox 192 1744 1524 2261">
     <span class='ocr_line' id='line_1_29' title="bbox 339 1744 1523 1796; baseline 0 -11"><span class='ocrx_word' id='word_1_231' title='bbox 339 1744 394 1785; x_wconf 80' lang='grc'>23</span> <span class='ocrx_word' id='word_1_232' title='bbox 444 1747 640 1795; x_wconf 73' lang='lat' dir='ltr'>antiquior</span> <span class='ocrx_word' id='word_1_233' title='bbox 687 1747 795 1783; x_wconf 86' lang='lat' dir='ltr'>nulla</span> <span class='ocrx_word' id='word_1_234' title='bbox 845 1747 1038 1795; x_wconf 71' lang='lat' dir='ltr'>scriptura</span> <span class='ocrx_word' id='word_1_235' title='bbox 1082 1749 1238 1785; x_wconf 75' lang='lat' dir='ltr'>servata</span> <span class='ocrx_word' id='word_1_236' title='bbox 1281 1750 1357 1796; x_wconf 73' lang='lat' dir='ltr'><em>est,</em></span> <span class='ocrx_word' id='word_1_237' title='bbox 1406 1760 1523 1796; x_wconf 90' lang='lat' dir='ltr'>quam</span> 
     </span>
     <span class='ocr_line' id='line_1_30' title="bbox 193 1805 1523 1854; baseline -0.001 -10"><span class='ocrx_word' id='word_1_238' title='bbox 193 1806 332 1844; x_wconf 80' lang='lat' dir='ltr'>codicis</span> <span class='ocrx_word' id='word_1_239' title='bbox 376 1805 538 1854; x_wconf 83' lang='lat' dir='ltr'>Hamb.,</span> <span class='ocrx_word' id='word_1_240' title='bbox 582 1805 648 1853; x_wconf 90' lang='lat' dir='ltr'>qui</span> <span class='ocrx_word' id='word_1_241' title='bbox 686 1807 833 1852; x_wconf 58' lang='lat' dir='ltr'>sientffl.</span> <span class='ocrx_word' id='word_1_242' title='bbox 876 1805 916 1841; x_wconf 89' lang='lat' dir='ltr'>id</span> <span class='ocrx_word' id='word_1_243' title='bbox 960 1808 1090 1843; x_wconf 75' lang='lat' dir='ltr'>ortum</span> <span class='ocrx_word' id='word_1_244' title='bbox 1132 1806 1252 1843; x_wconf 86' lang='lat' dir='ltr'>fuisse</span> <span class='ocrx_word' id='word_1_245' title='bbox 1296 1818 1432 1843; x_wconf 83' lang='lat' dir='ltr'>censeo</span> <span class='ocrx_word' id='word_1_246' title='bbox 1477 1818 1523 1843; x_wconf 82' lang='lat' dir='ltr'>ex</span> 
     </span>
     <span class='ocr_line' id='line_1_31' title="bbox 193 1863 1522 1912; baseline -0.001 -10"><span class='ocrx_word' id='word_1_247' title='bbox 193 1868 369 1912; x_wconf 69' lang='lat' dir='ltr'><em>spemque</em></span> <span class='ocrx_word' id='word_1_248' title='bbox 417 1876 504 1901; x_wconf 88' lang='lat' dir='ltr'>cum</span> <span class='ocrx_word' id='word_1_249' title='bbox 547 1863 773 1911; x_wconf 88' lang='lat' dir='ltr'>compendio</span> <span class='ocrx_word' id='word_1_250' title='bbox 824 1864 1000 1912; x_wconf 79' lang='lat' dir='ltr'>syllabae</span> <span class='ocrx_word' id='word_1_251' title='bbox 1044 1876 1129 1911; x_wconf 85' lang='lat' dir='ltr'><em>per.</em></span> <span class='ocrx_word' id='word_1_252' title='bbox 1201 1864 1234 1901; x_wconf 85' lang='lat' dir='ltr'>is</span> <span class='ocrx_word' id='word_1_253' title='bbox 1278 1864 1398 1902; x_wconf 81' lang='lat' dir='ltr'>codex</span> <span class='ocrx_word' id='word_1_254' title='bbox 1439 1864 1522 1912; x_wconf 83' lang='lat' dir='ltr'>ipse</span> 
     </span>
     <span class='ocr_line' id='line_1_32' title="bbox 192 1922 1523 1971; baseline 0 -12"><span class='ocrx_word' id='word_1_255' title='bbox 192 1923 260 1959; x_wconf 88' lang='lat' dir='ltr'>ubi</span> <span class='ocrx_word' id='word_1_256' title='bbox 299 1922 487 1970; x_wconf 71' lang='lat' dir='ltr'>scriptum</span> <span class='ocrx_word' id='word_1_257' title='bbox 523 1934 730 1970; x_wconf 84' lang='lat' dir='ltr'><em>perperam</em></span> <span class='ocrx_word' id='word_1_258' title='bbox 767 1933 787 1958; x_wconf 93' lang='lat' dir='ltr'>o</span> <span class='ocrx_word' id='word_1_259' title='bbox 825 1935 894 1969; x_wconf 89' lang='lat' dir='ltr'>pro</span> <span class='ocrx_word' id='word_1_260' title='bbox 920 1922 934 1958; x_wconf 85' lang='lat' dir='ltr'>i</span> <span class='ocrx_word' id='word_1_261' title='bbox 965 1922 1236 1971; x_wconf 82' lang='lat' dir='ltr'>corrigendum</span> <span class='ocrx_word' id='word_1_262' title='bbox 1268 1923 1369 1970; x_wconf 70' lang='lat' dir='ltr'>erat,</span> <span class='ocrx_word' id='word_1_263' title='bbox 1407 1923 1452 1959; x_wconf 86' lang='grc'>111</span> <span class='ocrx_word' id='word_1_264' title='bbox 1482 1922 1523 1959; x_wconf 93' lang='lat' dir='ltr'>II</span> 
     </span>
     <span class='ocr_line' id='line_1_33' title="bbox 192 1980 1521 2029; baseline -0.002 -11"><span class='ocrx_word' id='word_1_265' title='bbox 192 1990 239 2018; x_wconf 75' lang='lat' dir='ltr'>XI</span> <span class='ocrx_word' id='word_1_266' title='bbox 276 1981 326 2018; x_wconf 79' lang='lat'>15</span> <span class='ocrx_word' id='word_1_267' title='bbox 359 1981 571 2026; x_wconf 77' lang='lat' dir='ltr'><em>hermoone,</em></span> <span class='ocrx_word' id='word_1_268' title='bbox 611 1981 664 2017; x_wconf 77' lang='lat'>28</span> <span class='ocrx_word' id='word_1_269' title='bbox 697 1980 790 2026; x_wconf 80' lang='lat' dir='ltr'><em>solo,</em></span> <span class='ocrx_word' id='word_1_270' title='bbox 821 1981 836 2017; x_wconf 72' lang='lat' dir='ltr'><em>i</em></span> <span class='ocrx_word' id='word_1_271' title='bbox 866 1980 1058 2029; x_wconf 84' lang='lat' dir='ltr'>singulari</span> <span class='ocrx_word' id='word_1_272' title='bbox 1088 1980 1215 2017; x_wconf 88' lang='lat' dir='ltr'>forma</span> <span class='ocrx_word' id='word_1_273' title='bbox 1247 1980 1521 2028; x_wconf 67' lang='lat' dir='ltr'>superingeriis,</span> 
     </span>
     <span class='ocr_line' id='line_1_34' title="bbox 195 2038 1524 2087; baseline -0.001 -12"><span class='ocrx_word' id='word_1_274' title='bbox 195 2039 298 2087; x_wconf 89' lang='lat' dir='ltr'>quod</span> <span class='ocrx_word' id='word_1_275' title='bbox 329 2038 506 2075; x_wconf 74' lang='lat' dir='ltr'>imitatus</span> <span class='ocrx_word' id='word_1_276' title='bbox 538 2038 647 2075; x_wconf 87' lang='lat' dir='ltr'>Korn</span> <span class='ocrx_word' id='word_1_277' title='bbox 677 2038 717 2074; x_wconf 93' lang='lat' dir='ltr'>in</span> <span class='ocrx_word' id='word_1_278' title='bbox 749 2038 924 2086; x_wconf 79' lang='lat' dir='ltr'><em>exemplo</em></span> <span class='ocrx_word' id='word_1_279' title='bbox 956 2038 1259 2087; x_wconf 76' lang='lat' dir='ltr'>lithographico:</span> <span class='ocrx_word' id='word_1_280' title='bbox 1299 2038 1437 2076; x_wconf 78' lang='lat' dir='ltr'>effecta</span> <span class='ocrx_word' id='word_1_281' title='bbox 1467 2038 1524 2075; x_wconf 83' lang='grc'>113</span> 
     </span>
     <span class='ocr_line' id='line_1_35' title="bbox 195 2096 1522 2145; baseline -0.001 -11"><span class='ocrx_word' id='word_1_282' title='bbox 195 2100 255 2134; x_wconf 71' lang='lat' dir='ltr'>est</span> <span class='ocrx_word' id='word_1_283' title='bbox 285 2097 415 2145; x_wconf 87' lang='lat' dir='ltr'>priore</span> <span class='ocrx_word' id='word_1_284' title='bbox 447 2098 551 2133; x_wconf 71' lang='lat' dir='ltr'>certe</span> <span class='ocrx_word' id='word_1_285' title='bbox 582 2097 666 2134; x_wconf 89' lang='lat' dir='ltr'>loco</span> <span class='ocrx_word' id='word_1_286' title='bbox 699 2096 825 2144; x_wconf 83' lang='lat' dir='ltr'>figura</span> <span class='ocrx_word' id='word_1_287' title='bbox 849 2096 1007 2133; x_wconf 74' lang='lat' dir='ltr'>litterae</span> <span class='ocrx_word' id='word_1_288' title='bbox 1031 2109 1074 2145; x_wconf 83' lang='lat' dir='ltr'><em>p,</em></span> <span class='ocrx_word' id='word_1_289' title='bbox 1105 2108 1184 2134; x_wconf 90' lang='lat' dir='ltr'>non</span> <span class='ocrx_word' id='word_1_290' title='bbox 1203 2108 1279 2144; x_wconf 84' lang='lat' dir='ltr'>qua</span> <span class='ocrx_word' id='word_1_291' title='bbox 1299 2096 1382 2144; x_wconf 86' lang='lat' dir='ltr'>ipse</span> <span class='ocrx_word' id='word_1_292' title='bbox 1401 2096 1522 2133; x_wconf 87' lang='lat' dir='ltr'><em>Ham-</em></span> 
     </span>
     <span class='ocr_line' id='line_1_36' title="bbox 193 2153 1522 2204; baseline -0.002 -12"><span class='ocrx_word' id='word_1_293' title='bbox 193 2155 417 2204; x_wconf 80' lang='lat' dir='ltr'>burgensis,</span> <span class='ocrx_word' id='word_1_294' title='bbox 456 2154 541 2203; x_wconf 78' lang='lat' dir='ltr'>sed,</span> <span class='ocrx_word' id='word_1_295' title='bbox 578 2157 690 2203; x_wconf 64' lang='lat' dir='ltr'>pum,</span> <span class='ocrx_word' id='word_1_296' title='bbox 728 2153 902 2191; x_wconf 81' lang='lat' dir='ltr'>eiusdem</span> <span class='ocrx_word' id='word_1_297' title='bbox 933 2154 1016 2191; x_wconf 88' lang='lat' dir='ltr'>fere</span> <span class='ocrx_word' id='word_1_298' title='bbox 1048 2154 1134 2192; x_wconf 86' lang='lat' dir='ltr'>aevi</span> <span class='ocrx_word' id='word_1_299' title='bbox 1166 2154 1315 2191; x_wconf 83' lang='lat' dir='ltr'>codices</span> <span class='ocrx_word' id='word_1_300' title='bbox 1346 2156 1522 2192; x_wconf 73' lang='lat' dir='ltr'>utuntur.</span> 
     </span>
     <span class='ocr_line' id='line_1_37' title="bbox 194 2212 1347 2261; baseline 0 -11"><span class='ocrx_word' id='word_1_301' title='bbox 194 2213 399 2250; x_wconf 82' lang='lat' dir='ltr'>librarium</span> <span class='ocrx_word' id='word_1_302' title='bbox 419 2214 551 2250; x_wconf 76' lang='lat' dir='ltr'>autem</span> <span class='ocrx_word' id='word_1_303' title='bbox 571 2212 745 2261; x_wconf 82' lang='lat' dir='ltr'>suspicor</span> <span class='ocrx_word' id='word_1_304' title='bbox 770 2214 785 2250; x_wconf 76' lang='lat' dir='ltr'>i</span> <span class='ocrx_word' id='word_1_305' title='bbox 808 2212 1021 2250; x_wconf 78' lang='lat' dir='ltr'>reddidisse</span> <span class='ocrx_word' id='word_1_306' title='bbox 1043 2212 1146 2260; x_wconf 91' lang='lat' dir='ltr'>quod</span> <span class='ocrx_word' id='word_1_307' title='bbox 1158 2224 1232 2259; x_wconf 88' lang='lat' dir='ltr'>per</span> <span class='ocrx_word' id='word_1_308' title='bbox 1251 2215 1347 2250; x_wconf 73' lang='lat' dir='ltr'>erat.</span> 
     </span>
    </p>

    <p class='ocr_par' dir='ltr' id='par_1_12' title="bbox 195 2267 1523 2319">
     <span class='ocr_line' id='line_1_38' title="bbox 195 2267 1523 2319; baseline -0.001 -10"><span class='ocrx_word' id='word_1_309' title='bbox 195 2268 250 2309; x_wconf 83' lang='lat'>83</span> <span class='ocrx_word' id='word_1_310' title='bbox 282 2271 373 2308; x_wconf 87' lang='lat' dir='ltr'>libri</span> <span class='ocrx_word' id='word_1_311' title='bbox 404 2272 500 2309; x_wconf 79' lang='lat' dir='ltr'>alter</span> <span class='ocrx_word' id='word_1_312' title='bbox 529 2274 570 2310; x_wconf 83' lang='lat' dir='ltr'>ut</span> <span class='ocrx_word' id='word_1_313' title='bbox 603 2282 620 2310; x_wconf 89' lang='lat' dir='ltr'><em>e</em></span> <span class='ocrx_word' id='word_1_314' title='bbox 644 2272 760 2309; x_wconf 66' lang='lat' dir='ltr'>vobis.</span> <span class='ocrx_word' id='word_1_315' title='bbox 898 2279 967 2308; x_wconf 89' lang='lat'>1111</span> <span class='ocrx_word' id='word_1_316' title='bbox 1001 2267 1082 2308; x_wconf 75' lang='lat'>108</span> <span class='ocrx_word' id='word_1_317' title='bbox 1115 2270 1206 2308; x_wconf 87' lang='lat' dir='ltr'>libri</span> <span class='ocrx_word' id='word_1_318' title='bbox 1229 2274 1341 2318; x_wconf 82' lang='lat' dir='ltr'><em>potat</em></span> <span class='ocrx_word' id='word_1_319' title='bbox 1371 2269 1523 2319; x_wconf 81' lang='lat' dir='ltr'><em>(portet)</em></span> 
     </span>
    </p>
   </div>
  </div>
 </body>
</html>
