1575 2489
167 91 251 133 204
708 91 771 122 EX
795 90 951 123 PONTO

343 199 488 237 Cedere
521 198 716 236 Danuvius
750 209 790 236 se
822 196 892 235 tibi
912 227 922 247 ‚
953 196 1037 235 Nile
1056 228 1067 248 ‚
1100 204 1235 248 negat.

284 257 401 306 Copia
433 262 490 295 tot
520 255 681 294 laticum
700 286 711 306 ‚
743 266 838 305 quas
871 257 1013 305 auget,
1046 255 1236 294 adulterat
1269 256 1413 309 undas,

220 323 263 353 60
342 313 422 351 Nec
453 315 599 364 patitur
631 315 732 351 vires
765 324 910 362 aequor
941 312 1084 351 habere
1118 325 1228 352 suas.

284 371 385 416 Quin
417 373 533 410 etiam
552 402 563 422 ‚
595 376 729 421 stagno
763 370 897 409 similis
928 371 1137 421 pigraeque
1169 370 1323 422 paludi,
1418 379 1493 412 (133)

343 428 554 468 Caeruleus
586 430 648 466 vix
681 434 740 467 est
772 427 1011 479 diluiturque
1043 428 1172 467 color.

283 486 435 525 Innatat
465 487 568 525 unda
600 487 699 525 freto
731 486 855 524 dulcis
874 517 884 537 ,
915 486 1113 537 leviorque
1145 488 1292 525 marina
1324 492 1407 539 est,

344 544 449 590 Quae
482 546 684 595 proprium
718 545 836 582 mixto
870 544 916 582 de
949 543 1026 582 sale
1058 544 1210 595 pondus
1242 544 1381 583 habet.

222 612 262 642 65
286 603 326 641 Si
359 608 470 653 roget
500 603 595 640 haec
628 602 767 653 aliquis
800 614 869 640 cur
902 603 978 640 sint
1010 608 1162 640 narrata
1193 602 1362 654 Pedoni,

343 661 491 706 Quidve
523 660 630 711 loqui
662 662 779 699 certis
810 661 952 698 iuverit
982 661 1056 698 ista
1086 658 1245 699 modis?

284 718 469 771 Detinui,
503 719 656 768 dicam,
688 724 842 768 tempus
875 729 1065 767 curasque
1099 717 1239 756 fefelli.

345 776 457 815 Hunc
490 777 660 815 fructum
692 788 878 827 praesens
910 775 1038 814 attulit
1067 775 1163 814 hora
1194 775 1310 815 mihi.

289 835 468 873 Afuimus
501 835 612 873 solito
631 865 641 885 ,
674 834 766 873 dum
798 833 1005 872 scribimus
1037 835 1110 872 ista
1128 865 1138 884 ,
1171 833 1325 885 dolore,

224 902 265 932 70
345 893 389 931 ln
421 892 557 931 mediis
590 905 662 931 nec
695 904 764 930 nos
797 893 990 930 sensimus
1023 903 1107 930 esse
1141 891 1270 930 Getis.

286 952 333 989 At
364 957 406 989 tu
425 983 436 1002 ‚
468 963 545 989 non
579 950 712 989 dubito
732 982 742 1001 ,
775 962 863 988 cum
895 949 1045 988 Thesea
1077 951 1247 988 carmine
1279 949 1434 1002 laudes,

343 1009 525 1047 Materiae
558 1008 691 1047 titulos
725 1010 817 1058 quin
850 1014 983 1046 tueare
1017 1014 1128 1058 tuae,

286 1067 488 1117 Quemque
521 1067 644 1105 refers
665 1097 676 1117 ‚
707 1068 859 1104 imitere
886 1068 1041 1104 virum.
1091 1071 1194 1104 vetat
1225 1065 1287 1105 ille
1320 1067 1495 1118 profecto

344 1123 560 1174 Tranquilli
592 1125 771 1162 comitem
804 1125 992 1174 temporis
1024 1135 1108 1161 esse
1140 1123 1278 1162 fidem.

223 1191 265 1221 75
301 1182 375 1227 Qui
408 1194 639 1232 quamquam
673 1187 731 1220 est
762 1182 874 1219 factis
905 1183 1041 1232 ingens
1075 1187 1112 1219 et
1145 1181 1324 1221 conditur
1356 1195 1375 1220 a
1407 1189 1444 1221 te

346 1239 411 1278 Vir
444 1246 550 1278 tanto
570 1272 580 1291 ,
613 1245 756 1290 quanto
789 1239 924 1278 debuit
955 1251 1022 1277 ore
1054 1240 1163 1290 cani,

288 1298 357 1337 Est
388 1304 517 1336 tamen
550 1310 597 1336 ex
628 1297 692 1335 illo
725 1297 837 1336 nohis
868 1296 1052 1335 imitabile
1086 1297 1291 1347 quiddam:

345 1356 465 1406 Inque
500 1356 572 1394 fide
605 1355 780 1394 Theseus
813 1354 975 1406 quilibet
1007 1367 1091 1393 esse
1124 1362 1274 1406 potest.

286 1414 370 1452 Non
404 1413 473 1452 tibi
506 1420 597 1452 sunt
628 1414 759 1451 hostes
792 1414 896 1451 ferro
930 1413 1111 1463 clavaque
1144 1413 1345 1465 domandi,

224 1481 266 1512 80
345 1472 420 1510 Per
454 1484 550 1522 quos
583 1473 645 1510 vix
678 1471 746 1509 uili
777 1473 933 1522 pervius
965 1470 1132 1510 Isthmos
1165 1477 1269 1510 erat:

289 1529 364 1568 Sed
396 1529 652 1581 praestandus
684 1541 820 1580 amor,
852 1541 915 1568 res
948 1540 1025 1567 non
1057 1541 1219 1580 operosa
1250 1529 1414 1569 volenti.

347 1588 442 1633 Quis
474 1587 581 1626 labor
614 1593 673 1626 est
704 1599 840 1637 puram
873 1599 950 1625 non
982 1593 1193 1626 temerasse
1225 1585 1374 1626 fidem?

285 1645 387 1684 Haec
420 1645 490 1684 tibi
509 1677 519 1697 ‚
553 1647 618 1696 qui
649 1651 801 1695 perstas
832 1644 1090 1683 indeclinatus
1123 1646 1270 1697 amico,
1420 1655 1495 1687 (134)

345 1703 430 1742 Non
462 1709 521 1742 est
553 1702 656 1754 quod
688 1703 816 1754 lingua
850 1703 950 1742 dicta
983 1709 1171 1754 querente
1203 1709 1339 1754 putes,

791 1830 868 1876 XI.

286 1935 406 1974 Gallio
426 1967 436 1987 ,
469 1937 616 1974 crimen
650 1936 724 1973 erit
755 1936 814 1973 vix
849 1935 1067 1974 excusabile
1099 1935 1233 1987 nobis,

345 1993 523 2032 Carmine
556 2000 593 2032 te
626 2005 767 2032 nomen
799 2005 876 2031 non
909 1993 1089 2031 habuisse
1121 2005 1231 2032 meo,

287 2052 345 2090 Tu
379 2064 533 2103 quoque
567 2053 670 2090 enim
695 2073 741 2079 —
767 2052 924 2089 memini
948 2072 993 2077 —
1026 2050 1183 2089 caelesti
1209 2052 1369 2103 cuspide
1397 2053 1493 2094 facta
1531 2046 1538 2053 ’
1573 2042 1575 2049 ’

346 2109 491 2148 Fovisti
522 2110 691 2148 lacrimis
723 2108 882 2147 vulnera
915 2115 1047 2147 nostra
1078 2110 1179 2148 tuis.

245 2176 263 2206 5
285 2170 409 2218 Atque
443 2170 592 2207 utinam
624 2169 725 2219 rapti
756 2169 904 2205 iactura
935 2166 1062 2205 laesus
1095 2169 1207 2206 amici

345 2226 541 2264 Sensisses
573 2226 673 2264 ultra
693 2257 703 2276 ‚
737 2225 839 2276 quod
872 2236 1112 2276 quererere,
1145 2225 1261 2264 nihil!

283 2283 368 2322 Non
400 2286 453 2323 ita
485 2284 543 2323 dis
574 2284 746 2335 placuit,
779 2284 847 2334 qui
877 2289 914 2322 te
948 2283 1112 2333 spoliare
1144 2283 1284 2334 pudica
