1575 2489
235 111 316 152 148
780 110 844 141 EX
867 109 1025 142 PONTO

348 218 439 257 Mite
458 249 469 269 ‚
502 217 571 256 sed
600 218 744 256 iratum
775 217 914 255 merito
947 217 1070 268 mihi,
1104 229 1250 256 numen
1281 217 1419 270 adora,

407 275 560 314 Eximat
590 280 635 314 ut
667 274 839 325 Scythici
870 286 931 312 me
964 275 1117 314 feritate
1149 275 1251 313 ioci.

349 333 513 372 Difficile
546 339 634 385 est,
665 333 789 371 fateor
810 363 818 371 .
873 332 941 371 sed
974 333 1097 371 tendit
1127 335 1167 371 in
1200 333 1319 372 ardua
1351 335 1472 373 virtus
1489 366 1500 387 ‚

408 391 458 430 Et
488 390 574 430 talis
605 392 735 429 meriti
767 392 888 441 gratia
919 392 1041 430 maior
1073 393 1169 429 erit.

266 457 330 487 115
351 449 430 489 Nec
462 455 592 488 tamen
623 450 817 487 Aetnaeus
850 455 955 487 vasto
987 448 1246 500 Polyphemus
1277 451 1318 488 in
1350 456 1459 489 antro

408 508 583 558 Accipiet
612 519 726 546 voces
759 506 1033 558 Antiphatesve
1065 513 1175 546 tuas:

353 565 429 604 Sed
461 565 634 616 placidus
666 564 868 615 facilisque
899 577 1040 616 parens
1071 567 1283 616 veniaeque
1314 572 1495 619 paratus,

411 623 461 662 Et
493 624 560 674 qui
590 623 776 662 fulmineo
809 635 924 674 saepe
956 624 1039 661 sine
1070 625 1159 673 igne
1191 629 1321 662 tonat.

353 681 428 726 Qui
461 693 550 720 cum
581 683 693 720 triste
726 681 870 731 aliquid
903 682 1037 719 statuit
1055 711 1066 732 ‚
1097 682 1140 719 fit
1170 683 1294 720 tristis
1327 688 1366 720 et
1396 683 1501 733 ipse,

266 747 330 778 120
410 739 558 790 Cuique
591 739 672 778 sere
705 751 869 790 poenam
901 751 1056 778 sumere
1088 751 1212 790 poena
1244 751 1313 778 sua
1345 745 1426 779 est.

351 797 459 836 Victa
491 806 620 836 tamen
651 800 744 836 vitio
778 803 837 836 est
867 797 984 836 huius
1016 796 1219 836 clementia
1251 804 1410 850 nostro,

408 855 522 894 Venit
553 863 592 894 et
623 856 668 894 ad
700 857 803 894 vires
834 858 892 894 ira
924 861 1055 894 coacta
1087 867 1200 894 suas.

352 914 427 959 Qui
458 916 639 964 quoniam
671 916 796 965 patria
829 920 907 952 toto
941 925 1075 952 sumus
1107 913 1199 952 orbe
1232 915 1395 965 remoti,
1504 922 1558 954 (44)

407 971 487 1011 Nec
519 972 610 1011 licet
641 978 727 1011 ante
760 974 866 1024 ipsos
897 971 1154 1023 procubuisse
1187 972 1302 1023 deos,

266 1037 329 1069 125
352 1030 458 1076 Quos
491 1030 583 1068 coiis
603 1061 613 1081 ‚
651 1031 697 1069 ad
730 1042 893 1082 superos
925 1030 1019 1068 haec
1057 1030 1115 1068 fer
1148 1030 1324 1068 mandata
1356 1029 1557 1071 sacerdos:

408 1088 513 1126 Adde
547 1089 613 1126 sed
647 1094 685 1126 et
716 1090 893 1139 proprias
925 1088 971 1126 ad
1003 1099 1086 1125 mea
1118 1087 1235 1126 verba
1266 1100 1426 1138 preces.

352 1146 414 1184 Sic
446 1152 576 1184 tamen
607 1146 702 1184 haec
734 1153 878 1197 tempta
897 1178 907 1198 ‚
941 1147 973 1184 si
1004 1157 1081 1184 non
1116 1148 1293 1184 nocitura
1324 1146 1500 1197 putabis.

409 1203 618 1255 Ignosces.
676 1205 793 1243 timeo
826 1204 1036 1254 naufragus
1068 1215 1181 1242 omne
1212 1204 1378 1243 fretum.

854 1331 936 1377 III.

350 1435 514 1475 Maxime
534 1468 544 1488 ,
576 1438 644 1487 qui
676 1436 789 1474 claris
822 1448 963 1474 nomen
995 1435 1204 1474 virtutibus
1236 1447 1402 1488 aequas,

411 1495 491 1533 Nec
524 1496 618 1532 sinis
649 1496 848 1545 ingenium
880 1493 1078 1531 nobilitate
1110 1495 1258 1546 premi,

353 1552 463 1591 Culte
505 1552 599 1590 mihi
632 1573 675 1578 —
709 1552 800 1602 quid
843 1553 944 1590 enim
986 1557 1109 1590 status
1152 1552 1215 1590 hic
1256 1564 1276 1590 a
1317 1553 1453 1591 funere

1076 1608 1239 1648 differt?
1272 1632 1314 1637 —

411 1668 645 1719 Supremum
677 1670 775 1706 vitae
807 1674 960 1718 tempus
994 1667 1166 1719 adusque
1193 1680 1323 1708 meae:

318 1735 337 1764 5
358 1726 453 1764 Rem
486 1727 609 1778 sacis,
641 1726 825 1764 afflictum
857 1738 935 1764 non
968 1732 1165 1765 aversatus
1198 1728 1386 1779 amicum,

410 1783 492 1829 Qua
525 1796 602 1822 non
634 1790 693 1823 est
724 1796 815 1823 aevo
848 1785 973 1823 rarior
1004 1784 1081 1823 ulla
1110 1790 1203 1824 tuo.

350 1841 480 1893 Turpe
508 1842 665 1893 quidem
690 1842 820 1894 dictu,
853 1843 920 1881 sed
941 1865 983 1869 -—
1017 1844 1049 1881 si
1075 1843 1187 1881 modo
1214 1855 1303 1882 vera
1329 1844 1494 1882 fatemur
1513 1864 1553 1871 —

412 1899 553 1951 Vulgus
586 1902 773 1939 amicitias
804 1900 969 1940 utilitate
1002 1900 1162 1952 probat.

351 1958 480 2010 Cura,
518 1959 611 2009 quid
648 1959 854 2010 expediat,
885 1961 995 2010 prius
1035 1966 1119 2010 est,
1161 1971 1275 2010 quam
1314 1960 1407 2011 quid
1444 1961 1495 1999 sit

1073 2018 1303 2066 honestum,

289 2084 331 2114 10
410 2074 458 2113 Et
490 2087 579 2114 cum
610 2076 764 2114 fortuna
796 2082 948 2126 statque
982 2075 1160 2126 caditque
1192 2076 1310 2114 fides.

353 2132 431 2171 Nec
465 2133 574 2172 facile
607 2135 778 2173 invenias
810 2134 941 2172 multis
973 2135 1013 2172 in
1044 2134 1200 2173 milibus
1230 2146 1375 2187 unum,

410 2191 600 2231 Virtutem
632 2194 801 2243 pretium
834 2194 901 2242 qui
932 2198 1043 2243 putet
1074 2204 1159 2231 esse
1193 2194 1278 2232 sui.

354 2250 437 2300 ipse
470 2249 611 2301 decor,
642 2256 748 2289 recte
781 2251 871 2288 sacti
903 2251 935 2289 si
966 2253 1136 2301 praemia
1169 2251 1320 2298 desint,

411 2307 494 2346 Non
526 2315 653 2347 movet
671 2340 682 2360 ‚
714 2315 752 2348 et
782 2309 901 2359 gratis
932 2311 1103 2360 paenitet
1135 2321 1219 2348 esse
1251 2308 1439 2361 probum.

1562 2402 1575 2489 2-222‘
1563 2259 1575 2392 m*
1565 2066 1572 2252 w—-ffl-v<
