1575 2489
187 90 273 131 174
727 91 791 122 Ex
815 90 972 123 PONTO

363 197 561 249 Discipulo
594 198 693 248 perii
725 197 830 236 solus
863 197 910 235 ab
941 199 1024 248 ipse
1056 210 1166 236 meo.

304 257 404 295 Dum
437 256 572 294 damus
604 267 709 293 arma
741 254 841 306 tihi,
873 255 965 293 dum
996 261 1034 294 te
1053 287 1063 307 ,
1101 256 1242 294 lascive
1262 287 1272 305 ,
1310 255 1514 307 docemuS‚

364 313 467 352 Haec
498 319 536 352 te
569 313 760 364 discipulo
793 313 891 351 dona
923 315 1107 364 magister
1138 313 1277 352 habet.

307 371 392 410 Scis
424 377 553 410 tamen
572 402 583 422 ,
615 376 659 409 ut
689 371 835 421 liquido
867 372 1018 410 iuratus
1051 371 1180 410 dicere
1212 372 1362 422 possis,

243 438 285 468 50
364 429 449 467 Non
481 441 542 467 me
575 429 767 479 legitimos
799 428 1025 468 sollicitasse
1056 434 1187 467 toros.

307 487 544 537 Scripsimus
576 486 671 525 haec
702 487 807 535 illis,
840 499 1004 538 quarum
1036 500 1108 525 nec
1140 489 1232 526 vitta
1263 487 1426 539 pudicos

365 544 562 595 Contingit
593 546 752 596 crines,
784 557 856 584 nec
888 546 984 584 stola
1016 545 1128 595 longa
1159 545 1301 596 pedes.

305 602 374 642 Dic
393 635 404 654 ,
435 615 606 655 precor,
638 603 838 653 ecquando
871 603 1040 642 didicisti
1072 603 1204 642 fallere
1236 609 1377 654 nuptas

365 661 415 699 Et
446 661 573 700 facere
605 663 799 699 incertum
831 673 902 712 per
934 673 1018 699 mea
1050 663 1154 699 iussa
1186 659 1343 712 genus?

241 727 284 758 55
306 720 363 757 An
397 721 447 758 sit
478 719 524 757 ab
556 719 617 757 his
649 721 775 757 omnis
806 719 930 770 rigide
963 724 1154 758 summota
1186 719 1347 770 libellis,

366 777 487 822 Quam
521 777 582 816 lex
614 778 778 816 furtivos
811 783 918 816 arcet
948 777 1091 815 habere
1124 775 1263 816 viros?

307 835 408 881 Quid
441 841 570 874 tamen
602 835 675 873 hoc
707 835 897 887 prodest,
929 836 1037 874 vetiti
1069 837 1102 873 si
1132 835 1217 885 lege
1250 847 1383 874 severa

365 893 512 932 Credor
544 893 724 932 adulterii
756 895 1022 945 composuisse
1054 898 1164 932 notas
1184 891 1205 931 P

305 952 354 990 At
385 957 451 990 tu:
484 953 538 990 sic
570 951 713 990 habeas
745 952 931 990 ferientes
964 957 1102 990 cuncta
1137 953 1316 1002 sagittas,

242 1017 286 1049 60
367 1009 430 1047 Sic
462 1022 673 1060 numquam
706 1010 840 1061 rapido
872 1010 1067 1060 lampades
1099 1011 1186 1059 igne
1219 1016 1378 1048 vacent:

308 1067 372 1106 Sic
404 1074 513 1117 regat
544 1069 753 1118 imperium
784 1073 988 1118 terrasque
1021 1073 1200 1106 coerceat
1232 1080 1366 1106 omnes

365 1125 534 1176 Caesar,
567 1125 613 1164 ab
645 1126 774 1164 Aenea
807 1132 867 1164 est
899 1128 965 1176 qui
996 1125 1067 1164 tibi
1098 1126 1218 1164 fratre
1250 1131 1364 1165 tuus:

306 1184 457 1235 Effice,
490 1184 540 1222 sit
571 1184 682 1222 nobis
714 1196 791 1222 non
824 1183 1063 1234 inplacabilis
1096 1185 1177 1235 ira,

366 1241 504 1293 Meque
537 1241 622 1280 loco
653 1241 772 1293 plecti
805 1242 1066 1280 commodiore
1100 1238 1227 1280 velit?

244 1308 286 1339 65
308 1300 411 1339 Haec
444 1312 514 1351 ego
547 1301 653 1339 visus
686 1312 791 1338 eram
824 1312 946 1351 puero
979 1300 1122 1339 dixisse
1154 1299 1324 1338 volucri.
1460 1309 1517 1342 (87)

366 1358 446 1397 Hos
478 1360 583 1397 visus
616 1358 728 1396 nobis
759 1358 822 1396 ille
856 1358 1008 1398 dedisse
1041 1370 1180 1397 sonos:

309 1414 406 1455 ‘Per
437 1428 521 1455 mea
554 1416 629 1455 tela
648 1448 659 1468 ,
692 1417 796 1455 faces
828 1423 867 1455 et
896 1429 967 1468 per
999 1429 1083 1455 mea
1115 1416 1220 1468 tela,
1252 1418 1431 1469 sagittas,

366 1475 441 1513 Per
472 1480 636 1514 matrem
668 1476 755 1513 iuro
788 1474 1097 1524 Caesareumque
1131 1480 1269 1526 caput,

307 1532 367 1571 Nil
399 1534 474 1571 nisi
506 1545 735 1571 concessum
763 1545 834 1571 nos
865 1538 902 1571 te
936 1532 1117 1571 didicisse
1149 1534 1357 1584 magistro,

245 1600 288 1630 70
367 1591 527 1629 Artibus
560 1597 599 1629 et
630 1591 778 1630 nullum
811 1593 958 1629 crimen
991 1592 1118 1629 inesse
1152 1592 1251 1630 tuis.

307 1648 435 1700 thue
467 1649 570 1701 hoc,
603 1651 659 1689 sic
691 1651 838 1687 utinam
871 1649 1081 1687 defendere
1114 1655 1243 1688 cetera
1275 1649 1433 1700 posses!

369 1708 452 1746 Scis
485 1707 585 1745 aliud
607 1738 617 1758 ,
649 1707 751 1758 quod
784 1714 821 1746 te
854 1707 1037 1758 laeserit,
1071 1719 1155 1745 esse
1174 1739 1185 1758 ,
1217 1709 1359 1758 magis.

309 1766 504 1817 Quidquid
530 1765 568 1804 id
595 1771 681 1817 est,
707 1778 834 1816 neque
862 1767 964 1803 enim
986 1765 1101 1803 debet
1120 1765 1230 1803 dolor
1255 1767 1337 1816 ipse
1364 1766 1519 1818 referri,
1574 1813 1575 1817 Ἰ

367 1824 452 1863 Non
484 1829 597 1875 potes
629 1836 649 1862 a
682 1824 794 1874 culpa
826 1823 956 1862 dicere
989 1823 1124 1862 abesse
1157 1829 1244 1862 tua.
1574 1822 1575 1868 l

247 1891 288 1921 75
310 1883 368 1921 Tu
400 1882 492 1921 licet
524 1883 669 1920 erroris
703 1882 774 1920 sub
807 1882 972 1932 imagine
1006 1883 1153 1920 crimen
1186 1881 1418 1934 obumbres,

368 1940 453 1979 Non
485 1942 638 1991 gravior
670 1942 808 1979 merito
840 1940 1004 1978 vindicis
1034 1941 1092 1978 ira
1123 1941 1218 1978 suit.

310 1998 359 2038 Ut
391 2006 519 2037 tamen
552 2000 767 2050 aspicerem
800 1999 1100 2048 consolarerque
1132 1999 1345 2049 iacentem,

369 2057 491 2108 Lapsa
523 2069 594 2108 per
625 2059 821 2095 inmensas
853 2062 913 2095 est
944 2068 1028 2095 mea
1058 2057 1174 2107 pinna
1207 2057 1311 2094 vias.
1571 2074 1575 2081 =

310 2115 413 2154 Haec
445 2115 528 2154 loca
560 2122 654 2154 tunc
685 2116 855 2166 primum
886 2115 993 2166 vidi,
1028 2126 1116 2152 cum
1148 2120 1271 2153 matre
1303 2120 1461 2165 rogante

247 2182 290 2213 80
369 2174 529 2212 Phasias
561 2179 621 2212 est
651 2174 739 2212 telis
770 2174 843 2211 fixa
875 2172 1002 2224 puella
1034 2174 1154 2211 meis.

312 2232 417 2277 Quae
451 2244 522 2271 cur
553 2244 658 2271 nunc
689 2233 831 2270 iterum
864 2237 953 2281 post
985 2231 1136 2269 saecula
1167 2231 1280 2281 longa
1312 2232 1496 2282 revisam,

370 2290 429 2329 Tu
462 2291 586 2342 facis,
618 2302 640 2328 o
674 2291 811 2329 castris
843 2289 954 2328 miles
988 2290 1108 2327 amice
1142 2290 1259 2328 meis.
1566 2237 1573 2395 ¹
