1575 2489
170 55 254 97 104
756 57 900 90 IBIDIS

288 163 333 202 Di
366 163 533 214 melius3
569 175 735 213 quorum
766 162 877 213 longe
910 163 1005 201 mihi
1035 164 1224 202 maximus
1255 163 1318 202 ille
1350 170 1431 217 est,

347 221 422 266 Qui
452 227 605 258 nostras
635 222 770 271 inopes
802 219 926 259 noluit
956 233 1043 259 esse
1075 222 1176 259 vias.

223 285 267 316 25
287 278 386 316 Huic
418 279 536 328 igitur
569 278 725 316 meritas
757 284 914 329 grates,
944 277 1180 328 ubicumque
1212 278 1364 330 licebit,

345 335 421 373 Pro
452 340 531 373 tam
561 340 762 373 mansueto
794 341 951 386 pectore
984 347 1137 386 semper
1169 347 1298 385 agam.

287 393 427 431 Audiat
457 392 530 430 hoc
562 392 709 431 Pontus
730 423 739 431 .
777 393 891 431 saciet
922 405 1077 443 quoque
1109 393 1270 431 forsitan
1302 394 1427 446 idem,

348 450 469 488 Terra
501 451 551 488 sit
581 455 624 488 ut
654 452 813 501 propior
844 451 1082 489 testificanda
1114 450 1230 489 mihi.

288 508 335 546 At
367 507 435 546 tibi
455 539 465 559 ‚
497 507 652 546 calcasti
684 510 750 558 qui
782 520 842 545 me
861 539 872 559 ‚
902 508 1067 546 violente
1088 538 1098 555 ,
1130 510 1318 547 iacentem
1338 540 1349 560 ,

225 573 269 605 30
349 566 431 610 Qua
462 565 553 603 licet
584 564 647 603 ei!
692 567 862 616 misero,
894 565 1047 603 debitus
1080 566 1201 604 hostis
1233 578 1323 604 ero.

288 623 447 662 Desinet
479 635 563 661 esse
594 624 704 673 prius
736 624 954 661 contrarius
985 622 1139 673 ignibus
1172 635 1306 674 umor,

346 681 558 731 Iunctaque
591 693 679 719 cum
710 680 799 718 luna
830 680 975 718 lumina
1006 681 1097 718 solIS
1129 686 1266 731 erunt3

289 739 461 789 Parsque
493 739 626 776 eadem
658 738 754 776 caeli
784 738 972 789 zephyros
1004 740 1154 776 emittet
1185 744 1223 777 et
1254 749 1393 790 euros,

347 796 396 834 Et
428 796 581 847 tepidus
613 796 738 846 gelido
770 795 876 834 flabit
907 795 953 834 ab
986 807 1054 834 axe
1087 801 1226 848 notus3

225 861 268 893 35
288 853 338 892 Et
370 866 466 892 nova
497 854 668 892 fraterno
700 854 828 892 veniet
859 853 1066 892 concordia
1098 854 1227 904 fumo,

350 912 473 957 Quem
505 917 616 950 vetus
648 923 809 950 accensa
842 917 993 962 separat
1023 913 1081 950 ira
1112 923 1227 963 pyra3

290 969 338 1008 Et
370 981 436 1007 ver
467 975 681 1021 autumno,
713 969 872 1008 brumae
905 968 1131 1008 miscebitur
1163 974 1310 1020 aestas,

349 1028 474 1078 Atque
505 1028 640 1066 eadem
670 1029 777 1077 regio
810 1040 946 1078 vesper
979 1032 1018 1066 et
1048 1033 1157 1066 ortus
1190 1028 1287 1065 erit:

290 1086 412 1131 Quam
451 1085 547 1123 mihi
587 1086 638 1123 sit
679 1091 809 1124 tecum
849 1087 1010 1136 positis,
1047 1097 1144 1135 quae
1186 1086 1447 1136 sumpsimus,

1010 1144 1127 1180 armis

225 1210 269 1240 40
349 1200 477 1239 Gratia
495 1232 506 1252 ‚
537 1202 753 1239 commissis
771 1232 782 1251 ‚
813 1200 988 1251 improbe
1007 1232 1017 1251 ,
1049 1205 1163 1250 rupta
1193 1201 1293 1239 tuis.

225 1267 268 1298 43
288 1259 367 1298 Pax
399 1260 474 1297 erit
504 1259 599 1297 haec
630 1258 765 1309 nobis,
797 1257 920 1296 donec
950 1258 1044 1297 mihi
1075 1260 1151 1296 vita
1182 1257 1374 1310 manebit,
1441 1260 1479 1293 (3)

349 1316 445 1355 Cum
476 1328 617 1367 pecore
648 1317 802 1354 infirmo
836 1328 933 1366 quae
966 1316 1063 1355 solet
1094 1328 1179 1354 esse
1211 1316 1333 1367 lupis.

227 1383 271 1414 45
291 1374 419 1414 Prima
452 1374 608 1425 quidem
641 1380 778 1425 coepto
811 1376 1047 1412 committam
1078 1373 1223 1424 proelia
1254 1386 1392 1425 versu,

350 1433 434 1471 Non
467 1433 615 1471 soleant
647 1434 821 1483 quamvis
853 1433 925 1470 1100
957 1432 1054 1482 pede
1086 1431 1184 1469 bella
1216 1433 1322 1481 geri:

289 1491 416 1540 thue
448 1492 544 1541 petit
573 1492 698 1541 primo
729 1490 886 1540 plenum
919 1490 1093 1528 flaventis
1124 1489 1290 1527 harenae

350 1548 530 1586 Nondum
563 1548 712 1586 calfacti
743 1548 875 1585 militis
907 1547 1015 1585 hasta
1047 1547 1196 1598 solum,

295 1606 358 1644 Sic
391 1618 461 1655 ego
494 1612 531 1644 te
563 1605 734 1643 nondum
766 1606 870 1643 ferro
902 1605 1099 1643 iaculabor
1130 1610 1267 1655 acuto,

229 1671 272 1704 50
350 1664 535 1702 Protinus
565 1665 733 1702 invisum
765 1675 836 1701 nec
867 1669 973 1714 petet
1004 1663 1112 1701 hasta
1145 1668 1283 1713 caput3

293 1721 340 1760 Et
372 1733 499 1772 neque
532 1733 675 1759 nomen
706 1723 745 1759 in
776 1721 849 1759 hoc
868 1752 879 1773 ,
910 1733 982 1759 nec
1014 1721 1139 1759 dicam
1170 1721 1269 1758 facta
1294 1718 1446 1771 libello,

352 1779 484 1830 Teque
518 1778 654 1831 brevi,
685 1780 752 1829 qui
783 1780 836 1817 sis
855 1810 865 1830 ‚
897 1778 1141 1818 dissimulare
1173 1780 1317 1817 sinam.

292 1837 499 1876 Postmodo
517 1867 529 1888 ,
561 1838 593 1875 si
623 1849 762 1887 perges
781 1868 792 1888 ‚
822 1838 862 1875 in
893 1842 931 1875 te
963 1837 1058 1876 mihi
1088 1836 1187 1875 liber
1217 1835 1367 1875 iambus

350 1895 487 1933 Tincta
517 1894 733 1945 Lycambeo
765 1896 951 1945 sanguine
982 1894 1059 1934 tela
1090 1894 1219 1933 dabit.

231 1961 274 1993 55
294 1952 406 1992 Nunc
439 1965 514 2003 quo
546 1952 740 1991 Battiades
771 1954 972 1991 inimicum
1003 1952 1164 1991 devovet
1194 1951 1302 2003 Ibin,

352 2010 434 2049 Hoc
466 2022 537 2060 ego
569 2011 735 2049 devoveo
766 2016 883 2061 teque
915 2016 1081 2061 tuosque
1112 2009 1250 2048 modo,

293 2068 420 2119 thue
451 2068 515 2107 ille
537 2098 548 2119 ,
578 2068 752 2107 historiis
783 2068 974 2106 involvam
1006 2069 1175 2107 carmina
1207 2068 1356 2106 caecis:

352 2126 437 2165 Non
469 2126 612 2165 soleam
645 2127 816 2177 quamvis
847 2126 921 2164 hoc
953 2138 1075 2176 genus
1106 2127 1189 2176 ipse
1221 2126 1354 2176 sequi.

293 2184 403 2224 Illius
436 2184 614 2236 ambages
646 2185 818 2223 imitatus
849 2186 889 2223 in
920 2183 1027 2223 Ibide
1059 2183 1165 2223 dicar

231 2251 274 2283 60
353 2242 506 2282 Oblitus
538 2244 658 2282 moris
689 2242 899 2293 iudiciique
931 2244 1030 2281 mei.
