1601 2484
569 81 600 112 1.
627 87 671 113 v1
690 81 820 113 3—V11
839 81 895 113 35.
1345 77 1398 119 15

680 209 781 257 VII.

183 300 314 352 Siquis
346 300 465 340 habes
496 304 642 342 nostris
675 302 820 341 similes
852 304 891 341 in
923 304 1089 353 imagine
1122 302 1276 354 vultus,

183 359 302 398 Deme
334 362 431 399 meis
463 360 627 399 hederas
647 392 657 411 ,
689 360 876 399 Bacchica
909 367 1012 401 serta
1031 392 1042 412 ,
1080 362 1224 400 comis.

183 417 260 456 Ista
291 417 431 456 decent
463 418 583 457 laetos
616 418 741 457 felicia
773 421 880 469 signa
912 424 1071 469 poetas:

184 475 443 527 Temporibus
476 488 552 514 non
586 483 646 515 est
678 482 765 527 apta
798 489 941 515 corona
972 478 1092 516 meis.

142 540 163 572 5
183 533 265 572 Hoc
297 534 368 572 tibi
400 534 600 573 dissimula
620 566 631 586 ,
663 537 764 573 senti
794 540 923 573 tamen
942 565 953 584 ,
986 536 1130 585 optime
1149 565 1159 582 ‚
1191 535 1291 587 dici,

183 591 227 630 In
259 591 377 642 digito
410 594 477 642 qui
509 604 570 630 me
603 593 761 643 fersque
793 594 996 643 refersque
1029 598 1119 643 tuo,

183 649 441 700 Effigiemque
473 662 596 688 meam
629 650 732 689 fulvo
766 650 991 700 complexus
1022 651 1062 688 in
1094 662 1189 689 auro

185 707 281 746 Cara
312 708 502 760 relegati,
535 721 633 759 quae
665 714 776 759 potes
796 740 806 759 ‚
838 720 905 747 ora
936 708 1066 746 vides.

186 765 292 811 Quae
325 768 505 817 quotiens
537 772 690 818 spectas
710 797 721 817 7
753 766 889 804 subeat
920 765 992 804 tibi
1023 765 1153 804 dicere
1185 766 1317 806 forsan

123 832 166 863 10
188 821 326 868 ‘Quam
357 824 495 875 procul
527 836 547 862 a
579 824 691 862 nobis
722 823 825 862 Naso
852 823 993 862 sodalis
1025 823 1134 862 abest
1148 820 1171 863 l'

185 881 300 920 Grata
331 887 398 920 tua
430 888 489 921 est
519 884 643 932 pietas
665 913 673 921 .
729 882 795 920 sed
830 883 1000 920 carmina
1032 884 1154 920 maior
1186 884 1312 933 imago

187 939 286 978 Sunt
317 952 401 978 mea
420 971 432 991 ‚
463 952 561 991 quae
594 940 733 979 mando
767 940 1063 991 qualiacumque
1097 940 1225 993 legas,

186 997 363 1037 Carmina
395 1004 562 1037 mutatas
593 998 794 1037 hominum
827 998 996 1037 dicentia
1027 999 1196 1051 formas,

186 1056 324 1094 Infelix
355 1056 502 1094 domini
533 1057 636 1107 quod
669 1056 757 1107 fuga
789 1058 896 1107 rupit
927 1069 1048 1107 opus.

124 1123 165 1152 15
186 1113 289 1152 Haec
321 1126 392 1165 ego
424 1114 628 1153 discedens
647 1146 658 1166 ‚
690 1116 792 1153 sicut
823 1114 922 1152 bene
955 1114 1075 1153 multa
1107 1127 1308 1167 meorum,

188 1171 274 1222 Ipse
300 1184 384 1210 mea
416 1174 530 1222 posui
560 1178 732 1211 maestus
763 1174 803 1210 in
835 1174 924 1223 igne
956 1185 1096 1211 manu.

188 1229 314 1280 thue
347 1242 540 1268 cremasse
574 1242 686 1269 suum
720 1230 845 1268 fertur
877 1230 949 1269 sub
986 1232 1117 1281 stipite
1149 1237 1282 1270 natum

188 1287 365 1326 Thestias
397 1293 436 1326 et
467 1288 604 1326 melior
636 1294 758 1327 matre
790 1289 910 1327 fuisse
944 1301 1079 1340 soror,

190 1345 253 1383 Sic
285 1357 356 1395 ego
388 1358 466 1384 non
498 1348 658 1384 meritos
691 1358 844 1384 mecum
876 1348 1050 1397 peritura
1081 1346 1231 1386 libellos

124 1412 166 1441 :20
200 1402 371 1453 imposui
402 1404 547 1453 rapidis
579 1405 728 1442 viscera
759 1409 892 1442 nostra
924 1407 1052 1455 rogis:

187 1460 255 1499 Vel
287 1461 389 1511 quod
422 1474 527 1500 eram
559 1461 718 1514 Musas,
750 1467 794 1501 ut
825 1464 988 1501 crimina
1019 1468 1182 1515 nostra,
1214 1475 1379 1514 perosus

187 1518 255 1557 Vel
287 1519 388 1570 quod
422 1519 546 1558 adhuc
579 1531 761 1558 crescens
793 1525 832 1558 et
863 1520 960 1558 rude
993 1532 1150 1559 carmen
1184 1527 1292 1561 erat.

189 1577 294 1622 Quae
315 1579 497 1628 quoniam
516 1590 594 1616 non
614 1583 706 1617 sunt
725 1579 882 1628 penitus
903 1578 1073 1631 sublata,
1095 1579 1162 1618 sed
1184 1586 1334 1629 extant,
1349 1602 1398 1608 -—

187 1635 369 1674 Pluribus
402 1636 588 1687 exemplis
621 1637 766 1687 scripta
798 1637 918 1675 fuisse
951 1649 1042 1676 reor
1071 1659 1119 1665 —

124 1702 166 1732 ‘25
188 1693 299 1732 Nunc
330 1706 501 1747 precor,
532 1700 576 1733 ut
606 1695 736 1733 vivant
768 1700 806 1733 et
837 1707 915 1733 non
946 1697 1082 1746 ignava
1113 1696 1306 1747 legentem

188 1752 274 1790 Otia
305 1752 500 1792 delectent
530 1752 840 1804 admoneantque
872 1755 971 1792 mei.

188 1810 267 1848 Nec
299 1815 428 1849 tamen
460 1810 523 1849 illa
554 1811 630 1861 legi
660 1817 847 1862 poterunt
878 1813 1071 1862 patienter
1102 1812 1148 1851 ab
1181 1813 1283 1865 ullo,

188 1868 345 1907 Nesciet
376 1869 437 1908 his
469 1881 658 1909 summam
691 1871 815 1920 siquis
847 1869 983 1909 abesse
1016 1883 1197 1910 manum.

187 1926 365 1966 Ablatum
398 1927 536 1966 mediis
568 1940 666 1979 opus
698 1934 758 1967 est
788 1928 997 1967 incudibus
1029 1929 1147 1981 illud,

123 1993 166 2023 30
189 1984 317 2024 Defuit
351 1990 389 2024 et
420 1987 577 2036 scriptis
608 1986 743 2025 ultima
774 1986 863 2025 lima
897 1989 1015 2026 meis.

187 2043 236 2082 Et
268 2045 417 2082 veniam
450 2056 520 2094 pro
546 2044 659 2083 laude
690 2050 810 2097 peto,
842 2045 1019 2084 laudatus
1052 2044 1229 2098 abunde,

187 2101 272 2140 Non
305 2102 498 2141 fastiditus
531 2104 563 2141 si
595 2102 666 2141 tibi
685 2135 695 2154 ,
726 2103 849 2142 lector
868 2135 879 2156 ‚
912 2116 1003 2143 ero.

188 2159 267 2198 Hos
301 2172 455 2211 quoque
490 2172 557 2199 sex
589 2173 755 2213 versus,
787 2163 826 2199 in
859 2164 974 2212 primi
1006 2162 1134 2200 fronte
1165 2161 1286 2201 libelli

190 2218 230 2256 Si
261 2219 557 2269 praeponendos
591 2231 676 2258 esse
709 2219 863 2270 putabis
882 2252 892 2272 ‚
924 2219 1045 2259 habe:

124 2284 168 2313 35
190 2273 311 2315 ‘Orba
341 2283 503 2329 parente
537 2289 606 2316 suo
640 2280 877 2329 quicumque
913 2278 1104 2317 volumina
1136 2280 1285 2330 tangis,

1391 1495 1402 1516 7
