1575 2489
553 51 614 83 IV.
640 51 797 85 ooo-V.
828 53 880 84 17.
1307 49 1389 90 311

233 193 298 233 26.
333 190 412 232 DF
475 191 542 232 27.
575 189 652 232 EC
715 191 783 233 28.
814 189 848 231 F
874 188 1234 234 N³LVD FLOR

361 250 428 291 29.
461 248 537 291 GC
560 261 689 290 LVDI
751 250 818 290 30.
852 247 933 290 HC
955 261 1085 290 LVDI

175 334 270 373 Cum
303 333 466 385 Phrygis
498 334 675 372 Assaraci
707 333 887 372 Tithonia
920 334 1040 371 fratre
1073 333 1210 372 relicto

235 392 402 431 Sustulit
432 394 609 431 inmenso
642 399 702 430 ter
734 391 846 430 iubar
879 391 973 430 orbe
1008 403 1145 443 suum,

87 460 154 491 945
175 451 276 489 Mille
309 452 414 490 venit
446 452 562 489 variis
595 451 734 489 ssorum
768 450 838 488 dea
872 462 967 489 nexa
1001 452 1181 502 coronis3

235 509 381 548 Scaena
414 510 489 547 ioci
521 521 671 547 morem
704 508 897 547 liberioris
930 508 1068 547 habet.

175 567 265 606 Exit
296 574 335 606 et
366 570 406 606 in
438 567 555 606 Maias
588 580 742 607 sacrum
775 567 926 606 Florale
960 567 1174 619 Kalendas3

234 625 344 665 Tunc
377 632 580 678 repetam,
613 638 717 665 nunc
750 638 811 664 me
844 626 1030 676 grandius
1062 632 1176 677 urget
1209 637 1329 676 opus.

176 686 295 723 Aufer
327 684 441 724 Vesta
474 684 604 723 diem!
651 686 803 735 cognati
836 684 950 724 Vesta
982 691 1140 736 recepta
1173 690 1232 723 est

88 753 155 783 950
237 743 415 782 Limine.
473 745 528 782 sic
561 745 654 782 iusti
687 745 927 782 constituere
959 750 1114 794 patres.

175 801 358 841 Phoebus
389 802 507 841 habet
537 808 711 853 partem:
757 801 894 840 Vestae
927 814 1018 852 pars
1050 801 1169 840 altera
1203 802 1343 840 cessit.

237 860 348 906 Quod
381 867 562 912 superest
592 860 668 898 illis
688 892 698 912 ‚
731 862 872 898 tertius
904 862 987 910 ipse
1020 865 1149 898 tenet.

178 918 284 957 State
317 919 511 958 Palatinae
544 919 707 969 laurus,
739 924 1018 969 praetextaque
1053 930 1203 969 quercu

237 977 321 1016 Stet
354 978 521 1016 domus:
566 983 746 1015 aeternos
780 983 859 1015 tres
892 976 1009 1015 habet
1041 989 1116 1016 una
1149 977 1266 1015 deos.

482 1147 665 1200 LIBER
704 1146 990 1201 QUINTUS.

178 1270 403 1321 Quaeritis,
435 1268 538 1308 unde
571 1274 705 1320 putem
738 1268 836 1307 Maio
870 1269 957 1307 data
990 1271 1145 1308 nomina
1179 1267 1339 1308 mensi?

235 1328 320 1366 Non
353 1330 446 1367 satis
480 1334 538 1366 est
571 1327 718 1378 liquido
752 1329 905 1378 cognita
939 1340 1054 1366 causa
1087 1328 1204 1368 mihi.

180 1387 226 1426 Ut
259 1393 334 1426 stat
367 1392 404 1425 et
436 1388 640 1438 incertus,
680 1398 755 1437 qua
789 1388 838 1424 sit
871 1386 974 1438 sibi,
1014 1388 1168 1438 nescit,
1202 1387 1396 1437 eundum«¹

236 1445 332 1484 Cum
364 1445 468 1483 videt
500 1457 545 1483 ex
580 1447 684 1483 omni
716 1451 826 1496 parte
859 1446 982 1484 viator
1014 1447 1112 1484 iter:

136 1514 156 1544 5
179 1504 242 1543 Sic
262 1537 271 1555 ‚
305 1505 393 1555 quia
427 1515 541 1554 posse
575 1503 689 1542 datur
722 1503 895 1542 diversas
928 1503 1093 1542 reddere
1128 1516 1287 1555 causas⁷

236 1562 319 1608 Qua
353 1563 484 1614 ferar,
516 1563 653 1612 ignoro
674 1593 684 1613 ‚
717 1563 906 1613 copiaque
939 1564 1022 1613 ipsa
1055 1569 1193 1602 nocet.

178 1622 331 1672 Dicite,
364 1633 462 1672 quae
495 1621 622 1659 sontes
655 1621 918 1672 Aganippidos
951 1621 1243 1672 HippocreneS.

238 1680 352 1718 Grata
385 1679 560 1718 Medusei
592 1681 700 1731 signa
733 1681 876 1718 tenetis
909 1680 1022 1731 equi!

179 1738 406 1777 Dissensere
441 1738 564 1777 deae.
621 1750 787 1789 quarum
821 1738 1070 1790 Polyhymnia
1105 1742 1234 1790 coepit

115 1806 158 1836 10
238 1797 396 1848 Pr1ma3
443 1796 559 1835 silent
591 1796 685 1835 aliae
706 1829 715 1847 ,
748 1797 928 1848 dictaque
963 1804 1093 1836 mente
1126 1804 1284 1836 notant.

179 1853 294 1894 ‘Post
325 1855 442 1894 chaos
475 1862 519 1894 ut
550 1857 719 1907 primum
753 1856 840 1894 data
880 1863 971 1894 sunt
1002 1858 1076 1895 tria
1109 1868 1274 1907 corpora

908 1915 1078 1966 mundo,

235 1972 359 2024 Inque
392 1985 511 2011 novas
544 1974 697 2024 species
729 1985 844 2011 omne
876 1975 1041 2012 recessit
1073 1985 1195 2025 opus,

179 2032 357 2070 Pondere
391 2038 495 2070 terra
527 2044 598 2071 suo
633 2031 810 2071 subsedit
842 2038 881 2070 et
912 2044 1080 2083 aequora
1113 2034 1253 2072 traxit:

239 2092 286 2129 At
318 2090 467 2129 caelum
502 2090 637 2129 levitas
669 2092 708 2129 in
741 2091 823 2129 loca
857 2102 1007 2129 summa
1040 2091 1150 2143 tuli13

119 2158 159 2187 15
183 2148 248 2187 Sol
281 2161 437 2200 quoque
471 2162 559 2188 curn
593 2149 715 2188 stellis
748 2149 852 2188 nulla
884 2151 1072 2201 gravitate
1104 2157 1283 2189 retentus

238 2207 286 2247 Et
317 2220 385 2246 vos
418 2207 593 2247 Lunares
625 2209 817 2247 exiluistis
850 2210 964 2259 equi.

180 2266 256 2305 Sed
289 2278 415 2318 neque
448 2267 570 2306 Terra
603 2267 668 2306 diu
701 2267 844 2319 Caelo,
878 2279 949 2306 nec
983 2274 1113 2306 cetera
1144 2266 1302 2307 Phoebo
