1575 2489
556 50 615 81 IV.
643 50 839 83 629-694.
1288 47 1375 89 303

150 156 309 196 Faunus
341 157 480 208 adest,
512 158 721 208 oviumque
753 169 936 208 premens
968 157 1065 208 pede
1099 157 1240 196 vellera
1273 157 1377 196 duro-

208 215 339 254 Edidit
371 227 392 253 a
423 214 560 253 dextro
595 215 683 254 talia
715 215 816 254 dicta
850 221 958 254 toro:

62 281 129 314 665
152 270 297 312 eMorte
329 273 447 312 boum
480 273 549 312 tibi
569 305 580 326 ,
611 286 709 326 rex,
742 273 874 312 Tellus
906 273 1092 324 placanda
1125 274 1319 313 duarum:

209 332 282 371 Det
313 333 435 370 sacris
467 334 614 371 animas
646 344 723 371 una
755 338 890 371 necata
923 330 1064 370 duas.'

148 389 356 429 Excutitur
388 395 541 429 terrore
574 392 715 441 quies:
758 390 882 429 Numa
915 392 994 429 visa
1026 391 1211 442 revolvit,

208 448 258 487 Et
290 460 423 487 secum
457 448 637 501 ambages
669 461 860 500 caecaque
894 451 999 488 iussa
1030 450 1177 488 refert.

148 506 316 558 Expedit
347 513 542 545 errantem
576 507 735 546 Nemori
766 509 984 558 gratissima
1017 510 1187 546 coniunx

61 574 128 606 670
207 565 257 604 Et
289 565 385 604 dixit
417 563 617 616 ‘gravidae
650 568 825 617 posceris
858 572 945 605 exta
977 563 1131 605 bovis.'

148 623 246 663 Exta
278 623 387 662 bovis
420 624 599 675 gravidae
632 625 803 677 dantur,
837 625 987 664 felicior
1018 637 1144 663 annus

206 682 420 733 Provenit‚
454 688 493 721 et
525 683 696 722 fructum
728 689 833 722 terra
865 696 1066 735 pecusque
1099 684 1256 722 ferunt.

148 740 256 779 Hanc
290 741 483 792 quondam
517 741 708 792 Cytherea
740 742 841 780 diem
875 743 1150 793 properantius
1182 743 1240 780 ire

209 799 327 838 Iussit
359 806 398 838 et
430 799 620 838 admissos
651 802 921 851 praecipitavit
953 812 1098 851 equos,

60 866 126 897 675
147 857 197 896 Ut
229 858 386 897 titulum
417 860 571 909 imperii
603 870 692 897 cum
724 860 895 908 primum
927 859 1013 897 luce
1047 859 1228 909 sequenti

206 918 382 967 Augusto
414 918 545 955 iuveni
577 928 766 968 prospera
798 916 896 955 bella
929 917 1089 956 darent.

330 1007 396 1048 17.
430 1006 509 1048 CN
531 1019 659 1048 LVDI
725 1008 790 1049 18.
823 1007 909 1049 DN
931 1019 1062 1048 Lvm

148 1091 224 1130 Sed
255 1093 330 1130 iam
363 1093 593 1143 praeteritas
626 1098 789 1142 quartus
820 1091 893 1130 tibi
925 1091 1084 1130 Lucifer
1116 1091 1208 1130 Idus

206 1150 410 1202 Respicit3
442 1150 513 1188 hac
545 1149 697 1201 Hyades
730 1150 873 1189 Dorida
905 1157 1019 1189 nocte
1053 1156 1210 1189 tenent.

356 1242 420 1282 19.
452 1241 488 1282 Ε
516 1240 716 1282 CER-N
741 1253 1048 1283 LVD-luein

147 1325 279 1364 Tertia
311 1332 399 1377 post
430 1325 582 1376 Hyadas
614 1338 703 1364 cum
735 1326 800 1364 lux
833 1327 908 1365 erit
940 1332 1022 1364 orta
1057 1330 1251 1378 remotas,

60 1392 126 1423 680
207 1384 372 1423 Carcere
405 1386 569 1435 partitos
602 1384 738 1423 Circus
771 1383 929 1423 habebit
960 1397 1105 1435 equos.

147 1442 226 1481 Cur
257 1445 377 1494 igitur
409 1444 549 1481 missae
581 1444 722 1481 vinctis
755 1443 930 1481 ardentia
962 1443 1086 1481 taedis

205 1501 330 1552 Terga
362 1502 489 1540 ferant
520 1501 682 1552 volpes,
714 1513 830 1540 causa
862 1501 1036 1540 docenda
1070 1501 1165 1540 mihi
1197 1507 1282 1540 est.

147 1559 302 1610 Frigida
335 1559 527 1599 Carseolis
560 1572 632 1598 nec
665 1559 775 1598 olivis
808 1565 895 1610 apta
927 1560 1100 1598 ferendis

204 1618 356 1671 Terra,
390 1618 458 1657 sed
490 1618 535 1657 ad
569 1624 721 1669 segetes
753 1619 981 1669 ingeniosus
1013 1630 1128 1668 ager.

58 1684 125 1716 685
147 1676 226 1715 Hac
258 1689 328 1727 ego
361 1677 564 1728 Paelignos
583 1708 594 1728 ,
627 1676 766 1716 natalia
798 1689 890 1716 rura
910 1708 920 1728 ,
951 1677 1155 1728 petebam,

205 1735 327 1774 Parva
346 1766 357 1787 ,
389 1735 457 1774 sed
490 1736 656 1774 assiduis
688 1735 799 1774 obvia
832 1747 988 1786 semper
1020 1737 1153 1786 aquis.

145 1793 320 1845 Hospitis
351 1795 503 1845 antiqui
534 1794 666 1832 solitas
697 1795 929 1832 intravimus
961 1794 1102 1845 aedes,

204 1852 434 1904 Dempserat
465 1854 640 1891 emeritis
671 1853 746 1890 iam
777 1854 867 1903 iuga
897 1851 1081 1890 Phoebus
1113 1853 1249 1903 equis.

145 1910 182 1950 Is
214 1911 310 1950 mihi
341 1911 461 1950 multa
488 1911 645 1962 quidem
665 1942 676 1962 ,
708 1910 776 1949 sed
809 1917 847 1949 et
878 1910 974 1949 haec
1004 1922 1164 1949 narrare
1197 1909 1369 1963 solebat,

57 1977 126 2010 690
203 1968 313 2009 Unde
345 1982 475 2008 meum
507 1981 694 2021 praesens
726 1971 992 2008 instrueretur
1024 1981 1146 2020 opus:

147 2025 270 2067 ‘Hoc'
303 2030 356 2068 ait
388 2026 448 2067 ‘in
482 2025 638 2080 campo'
673 2050 716 2055 —
749 2040 1007 2079 campumque
1040 2027 1212 2067 ostendit
1244 2050 1288 2054 —

875 2083 1065 2125 ‘habebat-

204 2144 286 2185 Rus
318 2145 435 2184 breve
468 2157 557 2185 cum
589 2145 688 2184 duro
721 2157 836 2197 parca
869 2145 1005 2184 colona
1036 2146 1142 2185 viro.

145 2203 212 2243 llle
245 2216 355 2243 suam
386 2204 597 2255 peragebat
628 2204 820 2255 humum,
853 2205 932 2242 sive
965 2216 1060 2242 usus
1093 2204 1235 2255 aratri,

206 2262 283 2302 Seu
316 2275 455 2302 curvae
487 2263 626 2316 falcis,
658 2264 737 2302 sive
770 2262 939 2302 bidentis
972 2269 1077 2302 erat.
