1575 2489
526 98 572 129 H.
595 105 610 130 1
635 100 760 130 34--11
785 98 840 130 37.
1268 94 1351 135 145

648 227 707 274 ΙΙ.

137 322 203 360 Ille
235 321 372 360 domus
404 326 554 359 vestrae
588 321 723 371 primis
756 326 961 359 venerator
994 320 1040 359 ab
1073 321 1208 372 annis,

195 380 336 418 Pulsus
369 378 415 417 ad
449 378 591 417 Euxini
623 378 723 417 Naso
757 380 914 417 sinistra
947 378 1058 430 freti,

137 437 253 476 Mittit
285 437 330 476 ab
363 436 563 475 indomitis
595 436 694 475 hanc
713 468 724 489 ‚
755 437 959 475 Messaline
979 468 989 488 ‚
1022 437 1209 488 salutem,

200 496 322 541 Quam
355 495 493 533 solitus
525 506 711 546 praesens
743 501 803 533 est
832 494 903 533 tibi
934 495 1061 548 ferre,
1093 494 1222 533 Getis.

104 562 124 593 5
144 553 189 592 Ei
220 552 343 592 mihi!
394 553 486 604 quid
519 552 619 591 lecto
652 552 781 591 vultus
813 553 885 591 tibi
916 554 1072 591 nomine
1105 565 1182 591 non
1215 557 1274 591 est

197 611 271 657 Qui
303 612 404 663 suit,
437 617 476 649 et
508 611 661 650 dubitas
694 616 824 649 cetera
856 609 1094 661 perlegere?

136 670 325 722 Perlege,
358 681 430 708 nec
463 681 616 708 mecum
649 670 795 720 pariter
827 681 912 707 mea
943 668 1060 707 verba
1092 669 1244 720 relega:

194 727 299 766 Urbe
331 728 423 766 licet
454 734 581 767 vestra
614 727 791 765 versibus
823 739 908 765 esse
940 728 1060 765 meis.

136 786 221 824 Non
253 798 324 837 ego
357 788 548 837 concepi,
581 787 614 823 si
644 785 778 823 Pelion
810 784 906 823 Ossa
938 785 1115 836 tulisset,

77 852 117 883 10
196 844 306 883 Clara
338 856 422 883 mea
453 845 558 894 tangi
590 843 717 881 sidera
748 855 863 894 posse
895 854 1035 894 manu;

135 902 214 941 Nec
247 915 318 940 nos
350 902 534 940 Enceladi
566 901 760 940 dementia
793 906 919 940 castra
951 902 1076 940 secuti

194 960 237 999 In
268 973 403 999 rerum
435 961 612 998 dominos
644 961 835 998 movimus
867 971 973 998 arma
1005 959 1122 998 deos:

135 1018 213 1057 Nec
232 1050 242 1070 ‚
275 1019 378 1069 quod
410 1018 580 1069 Tydidae
612 1019 819 1057 temeraria
851 1017 1010 1056 dextera
1042 1018 1157 1068 fecit,

195 1077 361 1116 Numina
394 1082 486 1115 sunt
517 1076 604 1115 telis
636 1076 711 1115 ulla
745 1077 865 1126 petita
896 1078 1015 1115 meis.

73 1143 115 1174 15
136 1134 205 1174 Est
237 1147 322 1174 mea
354 1135 467 1186 culpa
498 1136 626 1185 gravis
645 1165 656 1186 ‚
695 1134 763 1173 sed
796 1146 894 1185 quae
935 1147 996 1173 me
1029 1134 1194 1185 perdere
1228 1132 1351 1172 solum

193 1194 296 1232 Ausa
329 1195 409 1246 sit,
441 1198 480 1232 et
512 1193 662 1232 nullum
692 1194 817 1231 maius
850 1192 984 1231 adorta
1015 1193 1146 1231 nefas,

136 1252 197 1290 Nil
230 1253 303 1290 nisi
336 1264 414 1290 non
446 1253 600 1302 sapiens
631 1263 792 1302 possum
823 1251 1062 1302 timidusque
1094 1252 1245 1289 vocari:

195 1310 298 1348 Haec
330 1310 406 1349 duo
439 1316 532 1348 sunt
563 1311 679 1348 animi
712 1311 867 1348 nomina
900 1322 989 1348 vera
1021 1310 1120 1348 mei.

137 1368 232 1407 Esse
265 1369 422 1419 quidem
454 1368 578 1406 fateor
609 1369 788 1406 meritam
820 1374 908 1418 post
939 1367 1115 1406 Caesaris
1148 1369 1244 1406 iram
1295 1375 1351 1408 (39)

71 1434 116 1465 20
194 1426 397 1465 Difficilem
428 1426 611 1477 precibus
644 1432 682 1464 te
714 1438 870 1476 quoque
902 1427 987 1464 iure
1019 1427 1140 1477 meis3

137 1485 321 1535 Quaeque
353 1491 419 1523 tua
451 1490 512 1523 est
543 1485 667 1535 pietas
699 1486 739 1522 in
772 1490 896 1523 totum
928 1496 1070 1522 nomen
1102 1484 1199 1536 Iuli,

193 1543 248 1581 Te
279 1543 409 1594 laedi,
441 1555 531 1581 cum
563 1544 651 1593 quis
682 1542 849 1581 laeditur
881 1542 970 1580 inde
990 1574 1001 1594 ‚
1031 1547 1169 1593 putas.

137 1601 212 1640 Sed
243 1601 334 1640 licet
365 1613 470 1639 arma
502 1601 605 1639 feras
638 1606 676 1639 et
708 1601 868 1639 vulnera
900 1612 1012 1639 saeva
1043 1601 1228 1652 mineris,

193 1659 277 1698 Non
310 1665 439 1698 tamen
471 1660 618 1698 efficies
637 1691 648 1711 ‚
685 1665 728 1698 ut
760 1660 920 1697 timeare
953 1658 1070 1698 mihi.

73 1725 116 1757 25
137 1717 281 1769 Puppis
313 1718 626 1756 Achaemeniden
660 1717 818 1756 Graium
851 1717 1017 1756 Troiana
1050 1718 1221 1769 recepit:

196 1776 350 1814 Profuit
382 1782 421 1814 et
451 1776 558 1827 Myso
591 1775 716 1814 Pelias
748 1776 857 1814 hasta
889 1775 1001 1815 duci.

138 1834 319 1885 Confugit
350 1834 548 1873 interdum
580 1834 714 1885 templi
745 1834 906 1873 violator
938 1834 985 1873 ad
1018 1846 1146 1887 aram,

194 1892 273 1931 Nec
304 1898 439 1944 petere
472 1893 610 1931 offensi
643 1894 813 1931 numinis
846 1893 981 1931 horret
1012 1905 1125 1943 opem
1146 1924 1154 1931 .

136 1950 285 1989 Dixerit
316 1951 390 1990 hoc
423 1951 562 2002 aliquis
595 1956 724 1990 tutum
756 1963 834 1990 non
867 1962 952 1990 esse
973 1981 981 1989 .
1032 1951 1221 1990 fatemur.

74 2017 117 2049 30
196 2009 272 2048 Sed
304 2021 382 2048 non
413 2022 484 2061 per
516 2009 685 2061 placidas
717 2011 748 2048 it
778 2021 861 2048 mea
893 2010 1035 2060 puppis
1069 2021 1209 2061 aquas.

135 2067 234 2106 Tuta
265 2073 399 2119 petant
430 2068 524 2106 alii.
578 2069 734 2107 fortuna
766 2069 987 2106 miserrima
1020 2072 1103 2106 tuta
1135 2073 1195 2107 est

73 2133 116 2164 32
195 2125 291 2164 Nam
322 2127 438 2165 timor
470 2132 632 2166 eventus
665 2126 872 2166 deterioris
904 2125 1038 2164 abest.

73 2191 116 2222 35
137 2184 212 2229 Qui
244 2185 393 2235 rapitur

194 2242 362 2293 Porrigit
394 2244 524 2294 spinas
557 2244 753 2295 duraquae
788 2255 877 2283 saxa

139 2299 471 2353 [Accipitremque
504 2303 645 2341 timens
677 2304 817 2355 pennis
850 2301 1134 2352 trepidantibus
1167 2302 1247 2341 ales

90 2370 197 2398 orm.
233 2373 291 2398 111.
1099 2372 1141 2403 10
