1575 2489
501 101 542 135 V.
567 109 617 133 111
636 103 772 133 36—1v
791 102 846 134 47.
1284 99 1338 140 87

128 208 229 254 Quid
259 207 436 246 Priamus
468 207 622 258 dolcat,
653 206 887 258 mirabitur,
920 206 1086 246 Hectore
1119 212 1256 259 rapto,

130 265 278 311 Quidve
310 265 547 303 Philoctetes
578 266 680 303 ictus
713 264 759 303 ab
793 277 916 316 angue
949 271 1097 315 gemat.

130 323 175 362 Di
207 324 380 362 facerent
410 324 558 361 utinam
578 354 588 373 ,
623 323 706 361 talis
739 328 861 362 status
895 328 999 361 esset
1029 325 1067 361 in
1099 323 1188 375 illo,

128 381 178 420 Ut
208 393 285 419 non
316 382 496 419 tristitiae
529 392 644 419 causa
675 380 838 419 dolenda
869 379 992 419 foret!

65 448 107 478 15
128 439 220 477 Fert
250 443 379 477 tamen
398 469 409 489 ‚
439 443 484 477 ut
515 437 631 476 debet
648 469 659 490 ‚
691 450 804 477 casus
834 440 1027 490 patienter
1059 450 1233 491 amaros,

127 497 232 535 More
264 508 336 535 nec
367 496 547 534 indomiti
577 496 687 535 frena
718 502 874 536 recusat
904 498 1016 547 equi.

126 555 206 593 Nec
238 555 320 593 fore
352 559 580 605 perpetuam
613 560 744 605 sperat
775 554 848 593 sibi
879 555 1050 593 numinis
1082 555 1202 605 iram,

127 612 336 664 Conscius,
370 613 410 650 in
442 612 556 663 eulpa
587 625 664 651 non
697 612 824 651 scelus
856 624 942 651 esse
974 624 1066 651 sua.

129 671 250 722 Saepe
283 671 434 723 refert,
466 672 516 709 sit
548 676 690 721 quanta
722 671 784 709 dei
817 670 1019 709 clementia
1038 701 1049 721 ,
1081 671 1193 708 cuius

64 736 107 767 20
129 728 178 767 Se
211 741 365 779 quoque
397 730 438 767 in
470 729 656 779 exemplis
687 728 942 767 adnumerare
974 727 1096 766 solet:

126 786 220 824 Nam
240 818 251 839 ‚
283 786 386 837 quod
418 798 512 837 opes
543 792 673 825 teneat
703 788 870 837 patrias,
903 785 1005 836 quod
1032 786 1187 823 nomina
1220 786 1339 837 civis,

127 843 301 895 Denique
335 844 438 895 quod
470 846 599 895 vivat,
630 856 772 882 munus
804 843 947 882 habere
979 842 1064 881 dei.

127 902 180 940 Te
212 908 341 941 tamen
360 933 371 954 ,
403 914 425 940 o
443 934 454 954 ‚
487 902 613 952 siquid
646 902 773 940 credis
804 901 927 953 mihi,
960 903 1086 940 carior
1117 901 1172 940 illi

128 959 318 999 Omnibus
337 991 347 1011 ,
379 961 419 998 in
453 965 533 999 toto
564 965 723 1011 pectore
756 972 910 1011 semper
941 959 1079 999 habet:

62 1026 107 1057 25
127 1018 260 1069 Teque
292 1018 559 1057 Menoetiaden
578 1049 589 1069 ‚
622 1023 659 1057 te
678 1049 689 1069 ‚
721 1019 788 1068 qui
820 1019 1026 1057 comitatus
1059 1017 1262 1070 Orestem,

127 1076 180 1114 Te
213 1082 324 1115 vocat
355 1076 525 1127 Aegiden
557 1075 846 1127 Euryalumque
879 1088 1015 1115 suum.

126 1133 206 1173 Nec
237 1135 401 1185 patriam
433 1135 554 1185 magis
586 1134 650 1173 ille
682 1146 791 1172 suam
824 1133 1019 1173 desiderat
1050 1139 1089 1173 et
1122 1146 1220 1185 quae

125 1192 296 1231 Plurima
328 1204 416 1231 cum
448 1194 571 1243 patria
604 1194 722 1231 sentit
754 1191 889 1231 abesse
922 1192 1019 1244 sibi,

128 1249 251 1295 Quam
282 1250 411 1289 vultus
444 1251 656 1301 oculosque
688 1256 805 1302 tuos,
838 1263 859 1288 o
892 1250 1043 1289 dulcior
1074 1250 1139 1289 illo

61 1316 106 1347 30
126 1308 237 1346 Melle
255 1340 267 1361 ‚
300 1308 402 1359 quod
433 1310 474 1346 in
506 1310 606 1347 ceris
638 1308 763 1347 Attica
795 1310 904 1360 ponit
934 1310 1039 1359 apis.

130 1366 252 1417 Saepe
286 1367 401 1405 etiam
434 1378 611 1405 maerens
643 1372 797 1417 tempus
830 1368 1095 1405 reminiscitur
1126 1366 1243 1419 illud,

131 1424 241 1470 Quod
274 1436 350 1462 non
383 1430 638 1475 praeventum
669 1430 793 1463 morte
826 1425 945 1463 fuisse
978 1425 1105 1476 dolet3

126 1482 302 1533 Cumque
334 1482 398 1521 alii
430 1483 611 1533 fugerent
642 1482 792 1521 subitae
826 1484 1001 1533 contagia
1033 1482 1176 1535 cladis,

126 1540 205 1579 Nec
238 1540 380 1579 vellent
410 1542 508 1579 ictae
541 1540 659 1579 limen
691 1541 795 1579 adire
829 1540 991 1593 domus,

62 1606 107 1638 35
128 1599 181 1637 Te
214 1598 288 1637 sihi
320 1610 407 1637 cum
440 1600 573 1650 paucis
605 1600 780 1637 meminit
812 1600 1000 1638 mansisse
1032 1599 1210 1650 fidelem,

127 1656 169 1695 Si
198 1669 343 1708 paucos
375 1657 512 1708 aliquis
544 1662 670 1696 tresve
705 1657 850 1696 duosve
881 1663 1014 1696 vocat.

127 1715 308 1760 Quamvis
341 1717 527 1754 attonitus
546 1746 557 1767 ‚
589 1717 711 1754 sensit
743 1721 872 1754 tamen
905 1717 1032 1754 omnia
1052 1747 1063 1768 ‚
1095 1728 1167 1756 nec
1199 1722 1237 1755 te

127 1772 176 1811 Se
207 1775 337 1811 minus
369 1773 540 1812 adversis
572 1774 784 1812 indoluisse
817 1775 921 1812 suis.

126 1830 249 1870 Verba
281 1831 380 1870 solet
410 1831 636 1882 vultumque
670 1838 779 1870 tuum
812 1833 1057 1883 gemitusque
1089 1833 1262 1885 referre,

64 1896 108 1928 40
128 1888 177 1928 Et
207 1894 244 1928 te
276 1889 394 1928 flente
426 1902 518 1928 suos
550 1890 766 1929 emaduisse
800 1892 933 1929 sinus:

126 1947 248 1991 Quam
280 1947 354 1986 sibi
384 1949 626 1999 praestiteris
645 1980 656 2000 ‚
689 1961 763 1999 qua
795 1948 1016 1988 consolatus
1048 1951 1214 1988 amicum

129 2005 190 2044 Sis
221 2017 293 2057 ope
312 2036 323 2057 ,
355 2006 537 2045 solandus
570 2019 659 2045 cum
690 2007 804 2046 simul
837 2009 919 2057 ipse
953 2008 1079 2045 sores.

125 2063 201 2102 Pro
234 2063 375 2114 quibus
407 2065 574 2104 affirmat
605 2066 687 2103 fore
720 2077 760 2104 se
792 2077 1083 2116 memoremque
1122 2067 1306 2117 piumque

127 2121 215 2160 Sive
248 2122 348 2161 diem
381 2123 534 2175 videat,
566 2125 645 2162 sive
678 2129 831 2174 tegatur
863 2123 980 2162 humo
1000 2155 1011 2175 ‚

62 2186 106 2218 45
126 2179 201 2218 Per
232 2186 347 2230 caput
378 2182 460 2232 ipse
494 2193 608 2220 suum
641 2182 777 2221 solitus
809 2183 938 2220 iurare
971 2188 1185 2234 tuumque,

128 2237 239 2283 Quod
271 2239 351 2276 scio
383 2251 461 2278 non
492 2240 547 2278 illi
579 2240 692 2279 vilius
726 2252 811 2279 esse
844 2252 939 2279 suo.

126 2295 244 2335 Plena
275 2302 332 2335 tot
362 2308 406 2336 ac
437 2299 554 2337 tantis
586 2299 781 2337 reseretur
813 2300 935 2349 gratia
967 2298 1100 2351 factis,

1328 2097 1338 2118 7
