1575 2489
182 78 270 120 190
727 81 791 112 Ex
816 80 974 113 PONTo

234 195 276 226 50
356 187 406 226 Et
438 193 585 225 certam
617 198 804 237 praesens
835 188 898 225 vix
929 186 1046 225 habet
1077 187 1172 226 hora
1204 187 1343 226 fidem.

299 242 428 283 ‘Litus
461 244 507 282 ad
538 241 755 283 Euxinum'
789 246 911 295 siquis
943 245 1037 283 mihi
1069 246 1217 285 diceret
1249 243 1368 297 ‘ibis‚

355 301 404 340 Et
435 307 586 341 metues
605 333 616 354 ,
649 314 742 341 arcu
775 314 824 341 ne
856 303 997 342 feriare
1031 303 1148 342 Getae
1162 300 1187 354 ‚³

297 357 356 411 (Ι,
389 357 499 398 bibe'
532 360 716 399 dixissem
749 358 983 411 ‘purgantes
1014 367 1173 412 pectora
1205 373 1344 413 SUCOS,

356 417 553 468 Quidquid
585 424 624 456 et
655 420 694 457 in
726 425 807 457 tota
838 421 1011 458 nascitur
1042 420 1225 470 Anticyra
1240 416 1264 457 .'

233 484 275 514 55
297 475 391 514 Sum
424 482 552 514 tamen
584 476 679 515 haec
711 489 878 527 passus.
934 489 1006 516 nec
1025 509 1035 528 ,
1069 479 1100 516 si
1133 477 1309 516 mortalia
1341 478 1508 529 possim,

355 533 403 572 Et
435 536 576 572 summi
608 540 783 585 poteram
815 534 891 573 tela
923 547 1058 574 cavere
1091 535 1175 574 dei.

296 590 354 630 Tu
388 604 543 643 quoque
576 593 635 631 fac
668 595 804 632 timeas
824 625 834 644 ‚
874 599 912 632 et
944 605 1041 644 quae
1075 593 1145 632 tibi
1176 593 1275 632 laeta
1307 594 1506 646 videntur,

353 649 453 689 Dum
486 650 659 701 loqueris
678 683 689 702 ‚
721 652 805 690 fieri
837 653 963 690 tristia
993 663 1108 702 posse
1140 658 1257 702 puta.

790 778 896 826 IIII.

292 881 404 921 Nulla
436 882 517 921 dies
549 882 644 921 adeo
677 889 736 922 est
768 882 1002 921 australibus
1035 883 1165 922 umida
1196 883 1361 934 nimbis,

352 940 438 979 Non
470 943 704 980 intermissis
737 947 780 980 ut
811 941 904 979 fluat
935 940 1061 980 imber
1093 943 1227 992 aquis.

293 997 373 1037 Nec
407 999 550 1037 sterilis
582 999 691 1038 locus
724 999 825 1038 ullus
857 1001 909 1038 ita
941 1005 1029 1051 est,
1062 1005 1104 1038 ut
1136 1012 1214 1038 non
1246 1001 1296 1039 sit
1326 1002 1365 1038 in
1396 1000 1459 1038 illo

350 1055 468 1095 Mixta
499 1058 580 1095 fere
613 1057 722 1096 duris
754 1057 860 1096 utilis
892 1057 1012 1096 herba
1044 1057 1175 1096 rubis.

255 1122 273 1152 5
294 1113 356 1152 Nil
388 1115 482 1153 adeo
515 1115 670 1153 fortuna
702 1117 828 1165 gravis
860 1115 1079 1154 miserabile
1112 1116 1228 1166 fecit,

352 1171 400 1211 Ut
432 1174 608 1211 minuant
641 1173 744 1211 nulla
776 1172 912 1224 gaudia
944 1179 1054 1224 parte
1087 1173 1254 1212 malum.

293 1229 395 1269 Ecce
428 1230 540 1269 domo
573 1233 776 1282 patriaque
809 1243 945 1270 carens
977 1231 1179 1282 oculisque
1212 1243 1410 1283 meorum,

351 1288 568 1340 Naufragus
600 1291 641 1328 in
674 1289 799 1328 Getici
830 1289 955 1328 litoris
987 1296 1096 1329 actus
1129 1302 1274 1341 aquas,

294 1347 378 1392 Qua
409 1353 538 1386 tamen
571 1349 701 1386 inveni
732 1347 881 1387 vultum
914 1348 1130 1387 diffundere
1163 1360 1279 1386 causa
1431 1356 1504 1388 (ιι-2)

233 1414 272 1443 10
352 1404 504 1444 Possim
523 1437 533 1457 ‚
565 1406 744 1445 fortunae
778 1418 850 1444 nec
882 1408 1105 1445 meminisse
1137 1418 1267 1445 meae.

292 1463 388 1502 Nam
420 1463 515 1502 mihi
547 1476 636 1503 cum
668 1464 773 1503 solus
806 1466 996 1515 spatiarer
1028 1466 1151 1503 tristis
1183 1464 1351 1516 harena,

351 1520 441 1560 Visa
472 1528 531 1561 est
564 1534 584 1560 a
616 1528 725 1573 tergo
757 1523 875 1573 pinna
907 1522 1059 1561 dedisse
1093 1534 1254 1561 sonum.

292 1579 502 1629 Respicio:
553 1592 625 1619 nec
658 1586 741 1619 erat
772 1592 948 1631 corpus,
986 1581 1088 1631 quod
1127 1592 1289 1619 cernere
1327 1592 1504 1632 possem,

350 1637 475 1676 Verba
508 1644 637 1677 tamen
669 1644 760 1677 sunt
791 1638 886 1677 haec
918 1651 1011 1677 aure
1044 1645 1201 1690 recepta
1232 1651 1339 1678 mea:

231 1704 271 1734 15
293 1693 373 1734 eEn
405 1707 475 1746 ego
510 1696 698 1735 laetarum
730 1698 842 1735 venio
875 1696 946 1735 tibi
976 1698 1113 1736 nuntia
1144 1709 1302 1749 rerum,

350 1753 465 1792 Fama
484 1786 494 1805 ,
526 1766 595 1805 per
627 1756 823 1793 inmensas
856 1758 943 1793 aere
976 1755 1080 1806 lapsa
1112 1757 1214 1794 vias.

292 1812 458 1850 Consule
491 1812 701 1864 Pompeio,
734 1825 810 1864 quo
843 1825 920 1851 non
953 1813 1023 1852 tibi
1055 1815 1181 1852 carior
1213 1813 1335 1865 alter,

351 1870 546 1910 Candidus
579 1877 618 1909 et
648 1871 739 1910 felix
771 1872 972 1922 proximus
1005 1884 1129 1911 annus
1162 1873 1236 1910 erit
1251 1869 1274 1910 .’

292 1928 423 1980 Dixit,
455 1934 494 1968 et
524 1935 569 1968 ut
598 1929 698 1968 laeto
731 1928 898 1968 Pontum
930 1942 1087 1969 rumore
1120 1929 1306 1980 replevit,

229 1994 272 2025 20
351 1986 407 2025 Ad
440 1994 576 2037 gentes
609 1988 700 2026 alias
733 1987 823 2026 hinc
855 1987 926 2026 dea
958 1989 1074 2026 vertit
1104 1989 1201 2026 iter.

291 2046 339 2083 At
371 2045 466 2083 mihi
498 2046 656 2096 dilapsis
687 2047 790 2085 inter
823 2058 920 2085 nova
951 2046 1089 2096 gaudia
1122 2047 1228 2085 curis

351 2102 505 2143 Excidit
536 2106 725 2155 asperitas
756 2104 873 2142 huius
905 2105 1038 2154 iniqua
1068 2104 1164 2143 loci.

290 2160 392 2211 Ergo
426 2161 520 2213 ubi,
553 2162 643 2202 Iane
675 2162 808 2214 biceps
827 2193 837 2213 ,
875 2162 1034 2213 longum
1071 2164 1307 2201 reseraveris
1338 2173 1501 2213 annum,

350 2220 491 2259 Pulsus
524 2226 564 2259 et
594 2233 615 2259 a
648 2233 758 2260 sacro
790 2232 924 2259 mense
956 2220 1171 2260 December
1203 2223 1300 2272 erit,

228 2285 270 2317 25
290 2277 469 2329 Purpura
502 2278 730 2331 Pompeium
761 2281 903 2318 summi
934 2278 1074 2318 velabit
1105 2279 1287 2330 honoris,
