1575 2489
539 72 597 104 1v.
625 80 651 104 v
675 73 808 105 10-v1
829 73 883 104 33,
1296 70 1377 111 193

670 201 747 248 VI.

161 297 284 343 Quam
316 295 412 346 legis
431 327 442 348 ,
475 307 520 334 ex
552 295 628 333 illis
661 294 732 333 tibi
764 296 870 333 venit
903 295 1091 346 epistula,
1124 293 1264 346 Brute,
1303 302 1376 334 (116)

217 354 410 393 Nasonem
443 353 564 392 nolles
596 355 635 391 in
670 352 812 404 quibus
847 365 932 391 esse
965 353 1083 392 locis.

162 412 237 452 Sed
271 418 314 452 tu
346 411 449 462 quod
482 411 604 450 nolles
623 442 633 462 ,
665 411 787 450 voluit
818 411 1039 450 miserabile
1072 412 1218 450 satum.

217 470 264 509 Ei
295 469 420 508 mihil
465 469 552 521 plus
584 469 679 508 illud
699 501 709 521 ,
743 481 858 520 quam
890 475 956 508 tua
987 474 1074 508 vota
1093 501 1104 521 ,
1136 469 1258 508 valet.

119 538 139 568 5
160 529 203 567 In
237 528 392 579 Scythia
425 527 538 566 nobis
570 529 835 578 quinquennis
867 528 1052 579 olympias
1085 533 1167 566 acta
1200 533 1281 566 est:

217 585 295 625 Iam
327 592 482 637 tempus
514 585 629 624 lustri
661 587 801 624 transit
832 588 872 624 in
905 586 1088 625 alterius.

159 645 312 683 Perstat
343 646 446 683 enim
479 644 635 683 fortuna
667 650 810 696 tenax,
842 645 1020 695 votisque
1052 644 1264 695 malignum

218 702 389 754 Opponit
420 704 566 741 nostris
597 702 783 740 insidiosa
815 702 978 753 pedem.

159 761 299 800 Certus
332 772 417 799 eras
449 773 520 812 pro
553 772 614 798 me
634 792 644 811 ,
676 760 816 798 Fabiae
848 760 913 798 lux
932 791 942 811 ,
975 759 1169 811 Maxime,
1202 761 1353 811 gentis,

98 827 139 858 10
219 818 371 858 Numen
404 819 449 857 ad
483 819 701 868 Augustum
734 817 909 868 supplice
941 830 1034 856 voce
1066 817 1199 868 loqui.

160 877 314 916 Occidis
347 883 434 915 ante
467 888 634 927 preces.
692 888 926 927 causamque
960 888 1030 926 ego
1050 906 1061 927 ,
1093 875 1282 927 Maxime,

885 936 1023 972 mortis
1050 956 1093 961 —

216 993 296 1032 Nec
329 993 438 1032 fuero
472 994 569 1031 tanti
597 1015 638 1019 -
665 1005 726 1031 me
759 1004 849 1031 reor
881 1005 966 1031 esse
999 998 1111 1031 tuae.

159 1052 238 1091 Iam
269 1053 386 1090 timeo
419 1057 591 1090 nostram
625 1053 806 1102 cuiquam
838 1050 1021 1089 mandare
1055 1050 1241 1089 salutem:

218 1110 349 1161 Ipsum
382 1115 507 1148 morte
539 1116 606 1148 tua
638 1110 808 1148 concidit
840 1109 1047 1147 auxilium.

96 1177 138 1208 15
159 1168 350 1219 Coeperat
381 1168 579 1217 Augustus
613 1167 798 1218 deceptae
831 1169 1034 1218 ignoscere
1068 1167 1228 1218 culpae:

219 1226 335 1277 Spem
367 1232 542 1264 nostram
573 1232 698 1264 terras
732 1226 984 1276 deseruitque
1017 1225 1155 1264 simul.

160 1285 280 1330 Quale
312 1290 440 1323 tamen
472 1285 610 1336 potui,
643 1284 690 1322 de
724 1283 889 1335 caelite,
922 1283 1070 1335 Brute,
1103 1285 1253 1322 recenti

217 1342 353 1382 Vestra
384 1342 522 1393 procul
553 1344 704 1393 positus
737 1354 895 1381 carmen
927 1344 967 1380 in
999 1354 1067 1380 ora
1099 1342 1211 1380 dedi.

160 1401 265 1446 Quae
297 1402 422 1452 prosit
453 1402 577 1451 pietas
609 1402 758 1439 utinam
791 1400 915 1451 mihi,
948 1402 1076 1450 sitque
1109 1400 1297 1439 malorum

96 1468 138 1499 20
218 1459 297 1498 Iam
328 1458 467 1497 modus
499 1464 539 1497 et
571 1470 702 1497 sacrae
735 1459 866 1496 mitior
897 1460 954 1496 ira
987 1457 1148 1497 domus!

159 1518 212 1556 Te
245 1529 400 1568 quoque
434 1516 536 1555 idem
568 1516 715 1567 liquido
748 1528 907 1566 possum
940 1518 1070 1555 iurare
1103 1519 1279 1569 precari,

217 1575 248 1614 Ο
280 1575 378 1614 mihi
408 1587 487 1613 non
519 1575 634 1613 dubia
667 1576 820 1625 cognite
852 1574 971 1613 Brute
1004 1580 1117 1613 nota.

159 1634 254 1673 Nam
281 1646 370 1673 cum
395 1635 639 1685 praestiteris
666 1645 802 1671 verum
828 1633 924 1671 mihi
950 1645 1104 1684 semper

886 1703 1080 1742 amorem,
1302 1701 1376 1731 (117)

217 1750 289 1789 Hic
321 1755 450 1789 tamen
483 1750 644 1789 adverso
676 1755 852 1801 tempore
885 1751 1008 1788 crevit
1040 1761 1169 1789 amor.

97 1817 140 1848 25
161 1809 312 1859 Quique
345 1814 431 1847 tuas
463 1809 609 1859 pariter
640 1808 817 1847 lacrimas
849 1814 1082 1858 nostrasque
1114 1809 1286 1860 videret,

217 1867 408 1906 Passuros
440 1878 605 1917 poenam
638 1867 817 1905 crederet
849 1879 934 1905 esse
968 1867 1087 1905 duos.

159 1925 304 1964 Lenem
337 1930 374 1964 te
407 1926 562 1963 miseris
595 1926 729 1975 genuit
760 1930 897 1963 natura
916 1956 926 1976 ,
982 1937 1054 1964 nec
1086 1924 1156 1963 ulli

217 1984 348 2022 Mitius
379 1985 579 2034 ingenium
598 2014 609 2034 ,
642 1995 757 2034 quam
789 1983 888 2034 tibi,
921 1983 1040 2021 Brute
1060 2014 1071 2034 ,
1103 1983 1233 2022 dedit:

159 2042 210 2081 Ut
241 2043 337 2093 qui,
369 2042 462 2092 quid
495 2042 619 2080 valeas
639 2074 649 2093 ,
682 2043 862 2092 ignoret,
895 2041 1016 2080 Marte
1049 2041 1219 2093 forensi,

98 2109 140 2139 30
218 2100 338 2138 Posse
370 2106 436 2138 tuo
468 2101 602 2151 peragi
635 2101 695 2138 vix
728 2105 838 2150 putet
870 2111 936 2138 ore
969 2111 1080 2138 reos.

162 2158 318 2197 Scilicet
351 2158 524 2196 eiusdem
558 2164 645 2206 est,
679 2160 852 2209 quamvis
885 2170 1058 2209 pugnare
1092 2158 1295 2211 videntur,

220 2215 470 2267 Supplicibus
502 2216 682 2268 facilem,
716 2216 893 2255 sontibus
927 2228 1010 2255 esse
1045 2222 1219 2255 trucem.

161 2274 256 2313 Cum
288 2274 359 2313 tibi
390 2280 570 2326 suscepta
603 2282 663 2314 est
692 2275 786 2326 legis
820 2274 987 2313 vindicta
1020 2287 1203 2326 severae,

115 2345 221 2372 ovn).
259 2347 314 2372 111.
502 2355 506 2358 Δ
1120 2345 1161 2376 13
