<?xml version="1.0" encoding="UTF-8"?>
<!DOCTYPE html PUBLIC "-//W3C//DTD XHTML 1.0 Transitional//EN"
    "http://www.w3.org/TR/xhtml1/DTD/xhtml1-transitional.dtd">
<html xmlns="http://www.w3.org/1999/xhtml" xml:lang="en" lang="en">
 <head>
  <title>
</title>
<meta http-equiv="Content-Type" content="text/html;charset=utf-8" />
  <meta name='ocr-system' content='tesseract 3.04.00' />
  <meta name='ocr-capabilities' content='ocr_page ocr_carea ocr_par ocr_line ocrx_word'/>
</head>
<body>
  <div class='ocr_page' id='page_1' title='image "./operaovid01oviduoft_0099.png"; bbox 0 0 1601 2484; ppageno 0'>
   <div class='ocr_carea' id='block_1_1' title="bbox 495 99 1380 140">
    <p class='ocr_par' dir='ltr' id='par_1_1' title="bbox 495 99 1380 140">
     <span class='ocr_line' id='line_1_1' title="bbox 495 99 1380 140; baseline 0.005 -10"><span class='ocrx_word' id='word_1_1' title='bbox 495 99 561 133; x_wconf 90' lang='lat'>111.</span> <span class='ocrx_word' id='word_1_2' title='bbox 588 106 648 132; x_wconf 86' lang='lat' dir='ltr'>vn</span> <span class='ocrx_word' id='word_1_3' title='bbox 666 101 855 133; x_wconf 81' lang='lat' dir='ltr'><strong>43—V1111</strong></span> <span class='ocrx_word' id='word_1_4' title='bbox 878 102 931 133; x_wconf 83' lang='lat'>12.</span> <span class='ocrx_word' id='word_1_5' title='bbox 1327 100 1380 140; x_wconf 82' lang='lat'>51</span> 
     </span>
    </p>
   </div>
   <div class='ocr_carea' id='block_1_2' title="bbox 99 206 1384 1420">
    <p class='ocr_par' dir='ltr' id='par_1_2' title="bbox 99 206 1384 1420">
     <span class='ocr_line' id='line_1_2' title="bbox 166 206 1384 260; baseline 0.002 -16"><span class='ocrx_word' id='word_1_6' title='bbox 166 206 246 245; x_wconf 89' lang='lat' dir='ltr'>Nec</span> <span class='ocrx_word' id='word_1_7' title='bbox 273 206 444 257; x_wconf 87' lang='lat' dir='ltr'>caelum,</span> <span class='ocrx_word' id='word_1_8' title='bbox 471 218 544 244; x_wconf 89' lang='lat' dir='ltr'>nec</span> <span class='ocrx_word' id='word_1_9' title='bbox 570 218 691 257; x_wconf 89' lang='lat' dir='ltr'>aquae</span> <span class='ocrx_word' id='word_1_10' title='bbox 714 207 883 259; x_wconf 87' lang='lat' dir='ltr'>faciunt,</span> <span class='ocrx_word' id='word_1_11' title='bbox 910 219 982 246; x_wconf 90' lang='lat' dir='ltr'>nec</span> <span class='ocrx_word' id='word_1_12' title='bbox 1002 212 1130 259; x_wconf 88' lang='lat' dir='ltr'>terra,</span> <span class='ocrx_word' id='word_1_13' title='bbox 1151 220 1224 247; x_wconf 86' lang='lat' dir='ltr'>nec</span> <span class='ocrx_word' id='word_1_14' title='bbox 1249 220 1384 260; x_wconf 82' lang='lat' dir='ltr'>aurae3</span> 
     </span>
     <span class='ocr_line' id='line_1_3' title="bbox 167 264 1179 316; baseline 0.003 -14"><span class='ocrx_word' id='word_1_15' title='bbox 167 264 214 303; x_wconf 93' lang='lat' dir='ltr'>Ei</span> <span class='ocrx_word' id='word_1_16' title='bbox 245 264 370 315; x_wconf 84' lang='lat' dir='ltr'>mihi,</span> <span class='ocrx_word' id='word_1_17' title='bbox 400 270 616 315; x_wconf 88' lang='lat' dir='ltr'>perpetuus</span> <span class='ocrx_word' id='word_1_18' title='bbox 650 277 814 316; x_wconf 88' lang='lat' dir='ltr'>corpora</span> <span class='ocrx_word' id='word_1_19' title='bbox 846 265 1009 316; x_wconf 81' lang='lat' dir='ltr'>languor</span> <span class='ocrx_word' id='word_1_20' title='bbox 1040 265 1179 305; x_wconf 79' lang='lat' dir='ltr'>habet!</span> 
     </span>
     <span class='ocr_line' id='line_1_4' title="bbox 104 323 1128 376; baseline 0.002 -16"><span class='ocrx_word' id='word_1_21' title='bbox 104 331 148 361; x_wconf 82' lang='lat'>25</span> <span class='ocrx_word' id='word_1_22' title='bbox 170 323 247 360; x_wconf 86' lang='lat' dir='ltr'>Seu</span> <span class='ocrx_word' id='word_1_23' title='bbox 280 324 414 361; x_wconf 89' lang='lat' dir='ltr'>vitiant</span> <span class='ocrx_word' id='word_1_24' title='bbox 445 328 554 361; x_wconf 87' lang='lat' dir='ltr'>artus</span> <span class='ocrx_word' id='word_1_25' title='bbox 586 335 723 373; x_wconf 81' lang='lat' dir='ltr'>aegrae</span> <span class='ocrx_word' id='word_1_26' title='bbox 756 326 932 374; x_wconf 86' lang='lat' dir='ltr'>contagia</span> <span class='ocrx_word' id='word_1_27' title='bbox 963 326 1128 376; x_wconf 88' lang='lat' dir='ltr'>mentis,</span> 
     </span>
     <span class='ocr_line' id='line_1_5' title="bbox 169 380 1008 434; baseline 0.001 -15"><span class='ocrx_word' id='word_1_28' title='bbox 169 380 256 419; x_wconf 86' lang='lat' dir='ltr'>Sive</span> <span class='ocrx_word' id='word_1_29' title='bbox 287 382 364 419; x_wconf 90' lang='lat' dir='ltr'>mei</span> <span class='ocrx_word' id='word_1_30' title='bbox 395 392 511 419; x_wconf 88' lang='lat' dir='ltr'>causa</span> <span class='ocrx_word' id='word_1_31' title='bbox 542 387 602 420; x_wconf 88' lang='lat' dir='ltr'>est</span> <span class='ocrx_word' id='word_1_32' title='bbox 632 383 672 419; x_wconf 88' lang='lat' dir='ltr'>in</span> <span class='ocrx_word' id='word_1_33' title='bbox 705 383 862 432; x_wconf 85' lang='lat' dir='ltr'>regione</span> <span class='ocrx_word' id='word_1_34' title='bbox 896 382 1008 434; x_wconf 88' lang='lat' dir='ltr'>mali,</span> 
     </span>
     <span class='ocr_line' id='line_1_6' title="bbox 167 438 1173 492; baseline 0.003 -16"><span class='ocrx_word' id='word_1_35' title='bbox 167 438 216 477; x_wconf 89' lang='lat' dir='ltr'>Ut</span> <span class='ocrx_word' id='word_1_36' title='bbox 242 440 352 489; x_wconf 89' lang='lat' dir='ltr'>tetigi</span> <span class='ocrx_word' id='word_1_37' title='bbox 381 438 578 490; x_wconf 87' lang='lat' dir='ltr'>Pontum,</span> <span class='ocrx_word' id='word_1_38' title='bbox 610 445 750 478; x_wconf 80' lang='lat' dir='ltr'>vexant</span> <span class='ocrx_word' id='word_1_39' title='bbox 781 442 971 478; x_wconf 86' lang='lat' dir='ltr'>insomnia</span> <span class='ocrx_word' id='word_1_40' title='bbox 989 471 1000 492; x_wconf 83' lang='lat'>‚</span> <span class='ocrx_word' id='word_1_41' title='bbox 1031 442 1173 492; x_wconf 90' lang='lat' dir='ltr'>vixque</span> 
     </span>
     <span class='ocr_line' id='line_1_7' title="bbox 167 496 1101 550; baseline 0.002 -16"><span class='ocrx_word' id='word_1_42' title='bbox 167 496 263 535; x_wconf 89' lang='lat' dir='ltr'>Ossa</span> <span class='ocrx_word' id='word_1_43' title='bbox 295 498 391 547; x_wconf 87' lang='lat' dir='ltr'>tegit</span> <span class='ocrx_word' id='word_1_44' title='bbox 422 499 565 535; x_wconf 85' lang='lat' dir='ltr'>macies</span> <span class='ocrx_word' id='word_1_45' title='bbox 584 527 595 547; x_wconf 87' lang='lat'><em>,</em></span> <span class='ocrx_word' id='word_1_46' title='bbox 627 510 699 536; x_wconf 89' lang='lat' dir='ltr'>nec</span> <span class='ocrx_word' id='word_1_47' title='bbox 730 499 836 537; x_wconf 89' lang='lat' dir='ltr'>iuvat</span> <span class='ocrx_word' id='word_1_48' title='bbox 867 510 933 537; x_wconf 89' lang='lat' dir='ltr'>ora</span> <span class='ocrx_word' id='word_1_49' title='bbox 966 498 1101 550; x_wconf 84' lang='lat' dir='ltr'>cibus3</span> 
     </span>
     <span class='ocr_line' id='line_1_8' title="bbox 167 555 1246 607; baseline 0.002 -14"><span class='ocrx_word' id='word_1_50' title='bbox 167 555 320 606; x_wconf 85' lang='lat' dir='ltr'>Quique</span> <span class='ocrx_word' id='word_1_51' title='bbox 351 567 422 606; x_wconf 90' lang='lat' dir='ltr'>per</span> <span class='ocrx_word' id='word_1_52' title='bbox 453 561 682 594; x_wconf 82' lang='lat' dir='ltr'>autumnum</span> <span class='ocrx_word' id='word_1_53' title='bbox 714 559 912 607; x_wconf 83' lang='lat' dir='ltr'>percussis</span> <span class='ocrx_word' id='word_1_54' title='bbox 943 557 1089 606; x_wconf 80' lang='lat' dir='ltr'>frigore</span> <span class='ocrx_word' id='word_1_55' title='bbox 1122 558 1246 607; x_wconf 86' lang='lat' dir='ltr'>primo</span> 
     </span>
     <span class='ocr_line' id='line_1_9' title="bbox 102 613 1192 666; baseline 0.001 -15"><span class='ocrx_word' id='word_1_56' title='bbox 102 621 146 651; x_wconf 82' lang='grc'>30</span> <span class='ocrx_word' id='word_1_57' title='bbox 167 613 238 651; x_wconf 88' lang='lat' dir='ltr'>Est</span> <span class='ocrx_word' id='word_1_58' title='bbox 268 613 374 651; x_wconf 88' lang='lat' dir='ltr'>color</span> <span class='ocrx_word' id='word_1_59' title='bbox 406 615 446 651; x_wconf 89' lang='lat' dir='ltr'>in</span> <span class='ocrx_word' id='word_1_60' title='bbox 478 613 610 665; x_wconf 82' lang='lat' dir='ltr'>foliis⁷</span> <span class='ocrx_word' id='word_1_61' title='bbox 643 627 741 665; x_wconf 89' lang='lat' dir='ltr'>quae</span> <span class='ocrx_word' id='word_1_62' title='bbox 774 627 871 653; x_wconf 89' lang='lat' dir='ltr'>nova</span> <span class='ocrx_word' id='word_1_63' title='bbox 901 614 1013 653; x_wconf 86' lang='lat' dir='ltr'>laesit</span> <span class='ocrx_word' id='word_1_64' title='bbox 1043 614 1192 666; x_wconf 86' lang='lat' dir='ltr'>hiems,</span> 
     </span>
     <span class='ocr_line' id='line_1_10' title="bbox 165 670 1322 726; baseline 0.003 -17"><span class='ocrx_word' id='word_1_65' title='bbox 165 670 203 710; x_wconf 88' lang='lat' dir='ltr'>Is</span> <span class='ocrx_word' id='word_1_66' title='bbox 234 683 318 710; x_wconf 87' lang='lat' dir='ltr'>mea</span> <span class='ocrx_word' id='word_1_67' title='bbox 349 671 522 709; x_wconf 86' lang='lat' dir='ltr'>membra</span> <span class='ocrx_word' id='word_1_68' title='bbox 555 677 691 724; x_wconf 75' lang='lat' dir='ltr'>tenet3</span> <span class='ocrx_word' id='word_1_69' title='bbox 739 684 811 711; x_wconf 90' lang='lat' dir='ltr'>nec</span> <span class='ocrx_word' id='word_1_70' title='bbox 843 672 991 710; x_wconf 90' lang='lat' dir='ltr'>viribus</span> <span class='ocrx_word' id='word_1_71' title='bbox 1024 672 1180 711; x_wconf 87' lang='lat' dir='ltr'>adlevor</span> <span class='ocrx_word' id='word_1_72' title='bbox 1211 673 1322 726; x_wconf 82' lang='lat' dir='ltr'>ullis,</span> 
     </span>
     <span class='ocr_line' id='line_1_11' title="bbox 165 728 1127 780; baseline 0.002 -13"><span class='ocrx_word' id='word_1_73' title='bbox 165 728 214 768; x_wconf 88' lang='lat' dir='ltr'>Et</span> <span class='ocrx_word' id='word_1_74' title='bbox 245 742 455 780; x_wconf 79' lang='lat' dir='ltr'>numquam</span> <span class='ocrx_word' id='word_1_75' title='bbox 488 730 641 780; x_wconf 86' lang='lat' dir='ltr'>queruli</span> <span class='ocrx_word' id='word_1_76' title='bbox 673 742 788 769; x_wconf 88' lang='lat' dir='ltr'>causa</span> <span class='ocrx_word' id='word_1_77' title='bbox 820 730 965 768; x_wconf 89' lang='lat' dir='ltr'>doloris</span> <span class='ocrx_word' id='word_1_78' title='bbox 997 729 1127 769; x_wconf 88' lang='lat' dir='ltr'>abest.</span> 
     </span>
     <span class='ocr_line' id='line_1_12' title="bbox 165 787 1382 840; baseline 0.002 -15"><span class='ocrx_word' id='word_1_79' title='bbox 165 787 242 825; x_wconf 86' lang='lat' dir='ltr'>Nec</span> <span class='ocrx_word' id='word_1_80' title='bbox 263 788 402 826; x_wconf 87' lang='lat' dir='ltr'>melius</span> <span class='ocrx_word' id='word_1_81' title='bbox 424 788 548 839; x_wconf 84' lang='lat' dir='ltr'>valeo,</span> <span class='ocrx_word' id='word_1_82' title='bbox 576 800 690 838; x_wconf 88' lang='lat' dir='ltr'>quam</span> <span class='ocrx_word' id='word_1_83' title='bbox 711 800 896 839; x_wconf 84' lang='lat' dir='ltr'>corpore,</span> <span class='ocrx_word' id='word_1_84' title='bbox 916 794 1066 840; x_wconf 82' lang='lat' dir='ltr'>mente,</span> <span class='ocrx_word' id='word_1_85' title='bbox 1100 789 1168 827; x_wconf 88' lang='lat' dir='ltr'>sed</span> <span class='ocrx_word' id='word_1_86' title='bbox 1188 801 1301 840; x_wconf 86' lang='lat' dir='ltr'>aegra</span> <span class='ocrx_word' id='word_1_87' title='bbox 1322 795 1382 828; x_wconf 87' lang='lat' dir='ltr'>est</span> 
     </span>
     <span class='ocr_line' id='line_1_13' title="bbox 165 845 1120 896; baseline 0.002 -13"><span class='ocrx_word' id='word_1_88' title='bbox 165 845 337 896; x_wconf 87' lang='lat' dir='ltr'>Utraque</span> <span class='ocrx_word' id='word_1_89' title='bbox 368 858 458 896; x_wconf 89' lang='lat' dir='ltr'>pars</span> <span class='ocrx_word' id='word_1_90' title='bbox 490 858 612 896; x_wconf 85' lang='lat' dir='ltr'>aeque</span> <span class='ocrx_word' id='word_1_91' title='bbox 643 846 811 896; x_wconf 82' lang='lat' dir='ltr'>binaque</span> <span class='ocrx_word' id='word_1_92' title='bbox 844 846 982 885; x_wconf 88' lang='lat' dir='ltr'>damna</span> <span class='ocrx_word' id='word_1_93' title='bbox 1014 847 1120 886; x_wconf 75' lang='lat' dir='ltr'>fero.</span> 
     </span>
     <span class='ocr_line' id='line_1_14' title="bbox 99 903 1233 956; baseline 0.002 -14"><span class='ocrx_word' id='word_1_94' title='bbox 99 911 143 942; x_wconf 84' lang='lat'>35</span> <span class='ocrx_word' id='word_1_95' title='bbox 165 903 308 942; x_wconf 83' lang='lat' dir='ltr'>Haeret</span> <span class='ocrx_word' id='word_1_96' title='bbox 339 910 378 942; x_wconf 86' lang='lat' dir='ltr'>et</span> <span class='ocrx_word' id='word_1_97' title='bbox 409 911 496 942; x_wconf 88' lang='lat' dir='ltr'>ante</span> <span class='ocrx_word' id='word_1_98' title='bbox 529 903 662 942; x_wconf 89' lang='lat' dir='ltr'>oculos</span> <span class='ocrx_word' id='word_1_99' title='bbox 695 904 814 943; x_wconf 88' lang='lat' dir='ltr'>veluti</span> <span class='ocrx_word' id='word_1_100' title='bbox 846 904 1056 956; x_wconf 80' lang='lat' dir='ltr'>spectabile</span> <span class='ocrx_word' id='word_1_101' title='bbox 1090 917 1233 956; x_wconf 88' lang='lat' dir='ltr'>corpus</span> 
     </span>
     <span class='ocr_line' id='line_1_15' title="bbox 163 962 993 1013; baseline 0.002 -14"><span class='ocrx_word' id='word_1_102' title='bbox 163 964 273 1000; x_wconf 82' lang='lat' dir='ltr'>Astat</span> <span class='ocrx_word' id='word_1_103' title='bbox 304 962 482 1000; x_wconf 85' lang='lat' dir='ltr'>fortunae</span> <span class='ocrx_word' id='word_1_104' title='bbox 515 963 637 1000; x_wconf 89' lang='lat' dir='ltr'>forma</span> <span class='ocrx_word' id='word_1_105' title='bbox 668 963 830 1013; x_wconf 88' lang='lat' dir='ltr'>legenda</span> <span class='ocrx_word' id='word_1_106' title='bbox 862 975 993 1002; x_wconf 88' lang='lat' dir='ltr'>meae:</span> 
     </span>
     <span class='ocr_line' id='line_1_16' title="bbox 163 1019 1377 1073; baseline 0.002 -15"><span class='ocrx_word' id='word_1_107' title='bbox 163 1019 338 1071; x_wconf 86' lang='lat' dir='ltr'>Cumque</span> <span class='ocrx_word' id='word_1_108' title='bbox 380 1020 510 1059; x_wconf 86' lang='lat' dir='ltr'>locum</span> <span class='ocrx_word' id='word_1_109' title='bbox 558 1032 766 1072; x_wconf 88' lang='lat' dir='ltr'>moresque</span> <span class='ocrx_word' id='word_1_110' title='bbox 815 1021 1016 1060; x_wconf 87' lang='lat' dir='ltr'>hominum</span> <span class='ocrx_word' id='word_1_111' title='bbox 1067 1021 1274 1073; x_wconf 87' lang='lat' dir='ltr'>cultusque</span> <span class='ocrx_word' id='word_1_112' title='bbox 1319 1035 1377 1061; x_wconf 86' lang='lat' dir='ltr'>so-</span> 
     </span>
     <span class='ocr_line' id='line_1_17' title="bbox 769 1091 943 1130; baseline 0.006 -13"><span class='ocrx_word' id='word_1_113' title='bbox 769 1091 943 1130; x_wconf 89' lang='lat' dir='ltr'>numque</span> 
     </span>
     <span class='ocr_line' id='line_1_18' title="bbox 165 1136 1267 1191; baseline 0.003 -17"><span class='ocrx_word' id='word_1_114' title='bbox 165 1136 368 1175; x_wconf 88' lang='lat' dir='ltr'>Cernimus</span> <span class='ocrx_word' id='word_1_115' title='bbox 387 1168 398 1188; x_wconf 88' lang='lat'><em>,</em></span> <span class='ocrx_word' id='word_1_116' title='bbox 430 1143 469 1176; x_wconf 93' lang='lat' dir='ltr'>et</span> <span class='ocrx_word' id='word_1_117' title='bbox 500 1137 592 1188; x_wconf 91' lang='lat' dir='ltr'>quid</span> <span class='ocrx_word' id='word_1_118' title='bbox 628 1139 699 1177; x_wconf 86' lang='lat' dir='ltr'>sim</span> <span class='ocrx_word' id='word_1_119' title='bbox 732 1138 825 1188; x_wconf 91' lang='lat' dir='ltr'>quid</span> <span class='ocrx_word' id='word_1_120' title='bbox 857 1139 1076 1189; x_wconf 81' lang='lat' dir='ltr'>fuerimque</span> <span class='ocrx_word' id='word_1_121' title='bbox 1095 1169 1106 1190; x_wconf 88' lang='lat'><em>‚</em></span> <span class='ocrx_word' id='word_1_122' title='bbox 1139 1138 1267 1191; x_wconf 84' lang='lat' dir='ltr'>subit,</span> 
     </span>
     <span class='ocr_line' id='line_1_19' title="bbox 163 1195 1378 1249; baseline 0.003 -17"><span class='ocrx_word' id='word_1_123' title='bbox 163 1195 311 1233; x_wconf 87' lang='lat' dir='ltr'>Tantus</span> <span class='ocrx_word' id='word_1_124' title='bbox 343 1207 451 1232; x_wconf 90' lang='lat' dir='ltr'>amor</span> <span class='ocrx_word' id='word_1_125' title='bbox 477 1197 584 1233; x_wconf 86' lang='lat' dir='ltr'>necis</span> <span class='ocrx_word' id='word_1_126' title='bbox 617 1202 704 1247; x_wconf 87' lang='lat' dir='ltr'>est,</span> <span class='ocrx_word' id='word_1_127' title='bbox 737 1208 879 1246; x_wconf 84' lang='lat' dir='ltr'>querar</span> <span class='ocrx_word' id='word_1_128' title='bbox 905 1203 949 1235; x_wconf 90' lang='lat' dir='ltr'>ut</span> <span class='ocrx_word' id='word_1_129' title='bbox 980 1208 1069 1235; x_wconf 84' lang='lat' dir='ltr'>cum</span> <span class='ocrx_word' id='word_1_130' title='bbox 1090 1196 1266 1236; x_wconf 84' lang='lat' dir='ltr'>Caesaris</span> <span class='ocrx_word' id='word_1_131' title='bbox 1297 1199 1378 1249; x_wconf 80' lang='lat' dir='ltr'>ira,</span> 
     </span>
     <span class='ocr_line' id='line_1_20' title="bbox 106 1253 1058 1297; baseline 0.003 -7"><span class='ocrx_word' id='word_1_132' title='bbox 106 1261 149 1291; x_wconf 81' lang='lat'>40</span> <span class='ocrx_word' id='word_1_133' title='bbox 171 1253 282 1297; x_wconf 73' lang='lat' dir='ltr'>Quod</span> <span class='ocrx_word' id='word_1_134' title='bbox 312 1264 391 1291; x_wconf 91' lang='lat' dir='ltr'>non</span> <span class='ocrx_word' id='word_1_135' title='bbox 423 1254 588 1292; x_wconf 79' lang='lat' dir='ltr'>offensas</span> <span class='ocrx_word' id='word_1_136' title='bbox 620 1254 790 1293; x_wconf 89' lang='lat' dir='ltr'>vindicet</span> <span class='ocrx_word' id='word_1_137' title='bbox 821 1266 913 1292; x_wconf 89' lang='lat' dir='ltr'>ense</span> <span class='ocrx_word' id='word_1_138' title='bbox 945 1267 1058 1293; x_wconf 84' lang='lat' dir='ltr'>suas.</span> 
     </span>
     <span class='ocr_line' id='line_1_21' title="bbox 164 1311 1137 1363; baseline 0.004 -15"><span class='ocrx_word' id='word_1_139' title='bbox 164 1312 211 1348; x_wconf 79' lang='lat' dir='ltr'>At</span> <span class='ocrx_word' id='word_1_140' title='bbox 244 1313 424 1361; x_wconf 89' lang='lat' dir='ltr'>quoniam</span> <span class='ocrx_word' id='word_1_141' title='bbox 457 1311 576 1350; x_wconf 88' lang='lat' dir='ltr'>semel</span> <span class='ocrx_word' id='word_1_142' title='bbox 608 1317 668 1350; x_wconf 87' lang='lat' dir='ltr'>est</span> <span class='ocrx_word' id='word_1_143' title='bbox 700 1311 786 1350; x_wconf 86' lang='lat' dir='ltr'>odio</span> <span class='ocrx_word' id='word_1_144' title='bbox 820 1312 984 1351; x_wconf 87' lang='lat' dir='ltr'>civiliter</span> <span class='ocrx_word' id='word_1_145' title='bbox 1015 1325 1137 1363; x_wconf 89' lang='lat' dir='ltr'>usus,</span> 
     </span>
     <span class='ocr_line' id='line_1_22' title="bbox 162 1368 969 1420; baseline 0.004 -13"><span class='ocrx_word' id='word_1_146' title='bbox 162 1368 307 1408; x_wconf 87' lang='lat' dir='ltr'>Mutato</span> <span class='ocrx_word' id='word_1_147' title='bbox 339 1368 461 1408; x_wconf 90' lang='lat' dir='ltr'>levior</span> <span class='ocrx_word' id='word_1_148' title='bbox 493 1371 543 1408; x_wconf 91' lang='lat' dir='ltr'>sit</span> <span class='ocrx_word' id='word_1_149' title='bbox 574 1370 663 1420; x_wconf 88' lang='lat' dir='ltr'>fuga</span> <span class='ocrx_word' id='word_1_150' title='bbox 696 1375 829 1408; x_wconf 88' lang='lat' dir='ltr'>nostra</span> <span class='ocrx_word' id='word_1_151' title='bbox 860 1370 969 1410; x_wconf 81' lang='lat' dir='ltr'>loco!</span> 
     </span>
    </p>
   </div>
   <div class='ocr_carea' id='block_1_3' title="bbox 628 1497 779 1544">
    <p class='ocr_par' dir='ltr' id='par_1_3' title="bbox 628 1497 779 1544">
     <span class='ocr_line' id='line_1_23' title="bbox 628 1497 779 1544; baseline 0.013 -2"><span class='ocrx_word' id='word_1_152' title='bbox 628 1497 779 1544; x_wconf 88' lang='lat' dir='ltr'><strong>VIIII.</strong></span> 
     </span>
    </p>
   </div>
   <div class='ocr_carea' id='block_1_4' title="bbox 94 1601 1370 2405">
    <p class='ocr_par' dir='ltr' id='par_1_4' title="bbox 94 1601 1370 2405">
     <span class='ocr_line' id='line_1_24' title="bbox 161 1601 1370 1655; baseline 0.006 -16"><span class='ocrx_word' id='word_1_153' title='bbox 161 1601 231 1640; x_wconf 82' lang='lat' dir='ltr'>Hic</span> <span class='ocrx_word' id='word_1_154' title='bbox 264 1614 417 1653; x_wconf 89' lang='lat' dir='ltr'>quoque</span> <span class='ocrx_word' id='word_1_155' title='bbox 450 1607 542 1641; x_wconf 89' lang='lat' dir='ltr'>sunt</span> <span class='ocrx_word' id='word_1_156' title='bbox 572 1603 692 1652; x_wconf 89' lang='lat' dir='ltr'>igitur</span> <span class='ocrx_word' id='word_1_157' title='bbox 724 1602 859 1641; x_wconf 84' lang='lat' dir='ltr'>Graiae</span> <span class='ocrx_word' id='word_1_158' title='bbox 887 1625 940 1631; x_wconf 97' lang='lat'><strong>—</strong></span> <span class='ocrx_word' id='word_1_159' title='bbox 963 1605 1051 1655; x_wconf 90' lang='lat' dir='ltr'>quis</span> <span class='ocrx_word' id='word_1_160' title='bbox 1089 1603 1297 1646; x_wconf 63' lang='lat' dir='ltr'>erederet?</span> <span class='ocrx_word' id='word_1_161' title='bbox 1320 1626 1370 1633; x_wconf 95' lang='lat'><em>-</em></span> 
     </span>
     <span class='ocr_line' id='line_1_25' title="bbox 766 1661 885 1700; baseline 0 -1"><span class='ocrx_word' id='word_1_162' title='bbox 766 1661 885 1700; x_wconf 89' lang='lat' dir='ltr'>urbes</span> 
     </span>
     <span class='ocr_line' id='line_1_26' title="bbox 158 1718 970 1772; baseline 0.002 -16"><span class='ocrx_word' id='word_1_163' title='bbox 158 1718 264 1757; x_wconf 88' lang='lat' dir='ltr'>luter</span> <span class='ocrx_word' id='word_1_164' title='bbox 296 1719 528 1757; x_wconf 88' lang='lat' dir='ltr'>inhumanae</span> <span class='ocrx_word' id='word_1_165' title='bbox 560 1721 716 1758; x_wconf 88' lang='lat' dir='ltr'>nomina</span> <span class='ocrx_word' id='word_1_166' title='bbox 747 1719 970 1772; x_wconf 81' lang='lat' dir='ltr'>barbariae3</span> 
     </span>
     <span class='ocr_line' id='line_1_27' title="bbox 159 1776 1092 1831; baseline 0.002 -16"><span class='ocrx_word' id='word_1_167' title='bbox 159 1776 245 1815; x_wconf 86' lang='lat' dir='ltr'>Huc</span> <span class='ocrx_word' id='word_1_168' title='bbox 277 1789 432 1828; x_wconf 89' lang='lat' dir='ltr'>quoque</span> <span class='ocrx_word' id='word_1_169' title='bbox 464 1777 594 1816; x_wconf 85' lang='lat' dir='ltr'>Mileto</span> <span class='ocrx_word' id='word_1_170' title='bbox 626 1779 736 1816; x_wconf 86' lang='lat' dir='ltr'>missi</span> <span class='ocrx_word' id='word_1_171' title='bbox 767 1790 909 1817; x_wconf 85' lang='lat' dir='ltr'>venere</span> <span class='ocrx_word' id='word_1_172' title='bbox 942 1778 1092 1831; x_wconf 89' lang='lat' dir='ltr'>coloni,</span> 
     </span>
     <span class='ocr_line' id='line_1_28' title="bbox 158 1835 1032 1886; baseline 0.003 -14"><span class='ocrx_word' id='word_1_173' title='bbox 158 1835 280 1886; x_wconf 86' lang='lat' dir='ltr'>Inque</span> <span class='ocrx_word' id='word_1_174' title='bbox 313 1835 420 1873; x_wconf 86' lang='lat' dir='ltr'>Getis</span> <span class='ocrx_word' id='word_1_175' title='bbox 453 1835 585 1874; x_wconf 84' lang='lat' dir='ltr'>Graias</span> <span class='ocrx_word' id='word_1_176' title='bbox 612 1838 854 1875; x_wconf 87' lang='lat' dir='ltr'>constituere</span> <span class='ocrx_word' id='word_1_177' title='bbox 886 1837 1032 1876; x_wconf 88' lang='lat' dir='ltr'>domos.</span> 
     </span>
     <span class='ocr_line' id='line_1_29' title="bbox 116 1893 1267 1947; baseline 0.003 -15"><span class='ocrx_word' id='word_1_178' title='bbox 116 1902 136 1932; x_wconf 85' lang='lat'>5</span> <span class='ocrx_word' id='word_1_179' title='bbox 159 1893 233 1932; x_wconf 88' lang='lat' dir='ltr'>Sed</span> <span class='ocrx_word' id='word_1_180' title='bbox 266 1899 377 1932; x_wconf 87' lang='lat' dir='ltr'>vetus</span> <span class='ocrx_word' id='word_1_181' title='bbox 408 1894 498 1932; x_wconf 87' lang='lat' dir='ltr'>huic</span> <span class='ocrx_word' id='word_1_182' title='bbox 530 1906 670 1933; x_wconf 90' lang='lat' dir='ltr'>nomen</span> <span class='ocrx_word' id='word_1_183' title='bbox 702 1897 906 1947; x_wconf 88' lang='lat' dir='ltr'>positaque</span> <span class='ocrx_word' id='word_1_184' title='bbox 939 1897 1137 1947; x_wconf 82' lang='lat' dir='ltr'>antiquius</span> <span class='ocrx_word' id='word_1_185' title='bbox 1171 1895 1267 1936; x_wconf 88' lang='lat' dir='ltr'>urbe</span> 
     </span>
     <span class='ocr_line' id='line_1_30' title="bbox 159 1951 1027 2004; baseline 0.002 -14"><span class='ocrx_word' id='word_1_186' title='bbox 159 1951 318 1990; x_wconf 80' lang='lat' dir='ltr'>Constat</span> <span class='ocrx_word' id='word_1_187' title='bbox 349 1951 395 1991; x_wconf 86' lang='lat' dir='ltr'>ab</span> <span class='ocrx_word' id='word_1_188' title='bbox 428 1952 584 2004; x_wconf 81' lang='lat' dir='ltr'>Absyrti</span> <span class='ocrx_word' id='word_1_189' title='bbox 615 1954 732 1992; x_wconf 87' lang='lat' dir='ltr'>caede</span> <span class='ocrx_word' id='word_1_190' title='bbox 764 1955 885 1992; x_wconf 87' lang='lat' dir='ltr'>fuisse</span> <span class='ocrx_word' id='word_1_191' title='bbox 918 1954 1027 1993; x_wconf 88' lang='lat' dir='ltr'>loco.</span> 
     </span>
     <span class='ocr_line' id='line_1_31' title="bbox 157 2010 1228 2063; baseline 0.003 -15"><span class='ocrx_word' id='word_1_192' title='bbox 157 2010 252 2049; x_wconf 87' lang='lat' dir='ltr'>Nam</span> <span class='ocrx_word' id='word_1_193' title='bbox 283 2016 365 2049; x_wconf 85' lang='lat' dir='ltr'>rate</span> <span class='ocrx_word' id='word_1_194' title='bbox 384 2041 395 2062; x_wconf 90' lang='lat'><em>‚</em></span> <span class='ocrx_word' id='word_1_195' title='bbox 428 2023 526 2062; x_wconf 88' lang='lat' dir='ltr'>quae</span> <span class='ocrx_word' id='word_1_196' title='bbox 559 2023 652 2050; x_wconf 87' lang='lat' dir='ltr'>cura</span> <span class='ocrx_word' id='word_1_197' title='bbox 683 2013 871 2063; x_wconf 86' lang='lat' dir='ltr'>pugnacis</span> <span class='ocrx_word' id='word_1_198' title='bbox 903 2012 1002 2051; x_wconf 84' lang='lat' dir='ltr'>facta</span> <span class='ocrx_word' id='word_1_199' title='bbox 1033 2012 1228 2052; x_wconf 85' lang='lat' dir='ltr'>Minervae</span> 
     </span>
     <span class='ocr_line' id='line_1_32' title="bbox 156 2068 1117 2123; baseline 0.003 -17"><span class='ocrx_word' id='word_1_200' title='bbox 156 2068 231 2107; x_wconf 92' lang='lat' dir='ltr'>Per</span> <span class='ocrx_word' id='word_1_201' title='bbox 262 2081 340 2107; x_wconf 89' lang='lat' dir='ltr'>non</span> <span class='ocrx_word' id='word_1_202' title='bbox 371 2075 579 2120; x_wconf 85' lang='lat' dir='ltr'>temptatas</span> <span class='ocrx_word' id='word_1_203' title='bbox 610 2072 735 2121; x_wconf 87' lang='lat' dir='ltr'>prima</span> <span class='ocrx_word' id='word_1_204' title='bbox 768 2072 943 2109; x_wconf 86' lang='lat' dir='ltr'>cucurrit</span> <span class='ocrx_word' id='word_1_205' title='bbox 975 2083 1117 2123; x_wconf 87' lang='lat' dir='ltr'>aquas,</span> 
     </span>
     <span class='ocr_line' id='line_1_33' title="bbox 158 2127 1090 2180; baseline 0.003 -16"><span class='ocrx_word' id='word_1_206' title='bbox 158 2127 277 2177; x_wconf 86' lang='lat' dir='ltr'>Impia</span> <span class='ocrx_word' id='word_1_207' title='bbox 308 2127 506 2166; x_wconf 89' lang='lat' dir='ltr'>desertum</span> <span class='ocrx_word' id='word_1_208' title='bbox 539 2129 691 2179; x_wconf 85' lang='lat' dir='ltr'>fugiens</span> <span class='ocrx_word' id='word_1_209' title='bbox 723 2129 857 2168; x_wconf 82' lang='lat' dir='ltr'>Medea</span> <span class='ocrx_word' id='word_1_210' title='bbox 887 2136 1090 2180; x_wconf 86' lang='lat' dir='ltr'>parentem</span> 
     </span>
     <span class='ocr_line' id='line_1_34' title="bbox 94 2185 985 2238; baseline 0.003 -15"><span class='ocrx_word' id='word_1_211' title='bbox 94 2193 136 2224; x_wconf 93' lang='lat'>10</span> <span class='ocrx_word' id='word_1_212' title='bbox 157 2185 307 2223; x_wconf 83' lang='lat' dir='ltr'>Dicitur</span> <span class='ocrx_word' id='word_1_213' title='bbox 337 2185 397 2224; x_wconf 92' lang='lat' dir='ltr'>his</span> <span class='ocrx_word' id='word_1_214' title='bbox 429 2198 557 2225; x_wconf 85' lang='lat' dir='ltr'>remos</span> <span class='ocrx_word' id='word_1_215' title='bbox 589 2187 822 2238; x_wconf 86' lang='lat' dir='ltr'>applicuisse</span> <span class='ocrx_word' id='word_1_216' title='bbox 856 2187 985 2226; x_wconf 85' lang='lat' dir='ltr'>vadis.</span> 
     </span>
     <span class='ocr_line' id='line_1_35' title="bbox 157 2244 1295 2299; baseline 0.003 -17"><span class='ocrx_word' id='word_1_217' title='bbox 157 2244 282 2288; x_wconf 85' lang='lat' dir='ltr'>Quem</span> <span class='ocrx_word' id='word_1_218' title='bbox 313 2244 451 2295; x_wconf 87' lang='lat' dir='ltr'>procul</span> <span class='ocrx_word' id='word_1_219' title='bbox 482 2252 526 2283; x_wconf 93' lang='lat' dir='ltr'>ut</span> <span class='ocrx_word' id='word_1_220' title='bbox 557 2246 652 2284; x_wconf 85' lang='lat' dir='ltr'>vidit</span> <span class='ocrx_word' id='word_1_221' title='bbox 682 2246 831 2284; x_wconf 86' lang='lat' dir='ltr'>tumulo</span> <span class='ocrx_word' id='word_1_222' title='bbox 865 2245 1086 2296; x_wconf 83' lang='lat' dir='ltr'>speculator</span> <span class='ocrx_word' id='word_1_223' title='bbox 1117 2245 1164 2284; x_wconf 89' lang='lat' dir='ltr'>ab</span> <span class='ocrx_word' id='word_1_224' title='bbox 1196 2246 1295 2299; x_wconf 82' lang='lat' dir='ltr'>alto,</span> 
     </span>
     <span class='ocr_line' id='line_1_36' title="bbox 157 2299 1192 2356; baseline 0.005 -17"><span class='ocrx_word' id='word_1_225' title='bbox 157 2299 349 2354; x_wconf 66' lang='lat' dir='ltr'>‘Hospes7&#39;</span> <span class='ocrx_word' id='word_1_226' title='bbox 382 2304 434 2342; x_wconf 86' lang='lat' dir='ltr'>ait</span> <span class='ocrx_word' id='word_1_227' title='bbox 466 2300 599 2342; x_wconf 77' lang='lat' dir='ltr'>enosco</span> <span class='ocrx_word' id='word_1_228' title='bbox 618 2336 629 2356; x_wconf 82' lang='lat'><em>,</em></span> <span class='ocrx_word' id='word_1_229' title='bbox 662 2304 873 2356; x_wconf 81' lang='lat' dir='ltr'>Colchide,</span> <span class='ocrx_word' id='word_1_230' title='bbox 906 2304 987 2342; x_wconf 88' lang='lat' dir='ltr'>vela</span> <span class='ocrx_word' id='word_1_231' title='bbox 1006 2335 1017 2356; x_wconf 88' lang='lat'><em>‚</em></span> <span class='ocrx_word' id='word_1_232' title='bbox 1049 2301 1192 2344; x_wconf 69' lang='lat' dir='ltr'>venit!⁹</span> 
     </span>
     <span class='ocr_line' id='line_1_37' title="bbox 1110 2371 1158 2405; baseline 0 -15"><span class='ocrx_word' id='word_1_233' title='bbox 1110 2371 1158 2405; x_wconf 66' lang='lat'>421³</span> 
     </span>
    </p>
   </div>
  </div>
 </body>
</html>
