1575 2489
185 45 269 86 120
629 45 775 78 IBIDIS
800 46 841 79 V.
870 47 978 78 613-
989 47 1065 78 644,

303 153 493 204 Quodque
527 152 661 191 dolore
694 153 801 191 necis
834 153 980 202 patriae
1012 154 1074 204 pia
1106 152 1182 190 filia
1214 153 1330 205 fecit,

361 210 521 250 Vincula
553 222 623 261 per
656 209 784 260 laquei
815 210 874 248 fac
906 210 977 249 tibi
1009 216 1143 261 guttur
1176 216 1258 249 eat.

215 277 282 309 615
304 269 596 319 Obstructoque
629 268 769 306 famem
800 269 959 318 patIaris
990 268 1121 307 limine
1154 270 1270 319 tecti,

363 326 412 365 Ut
442 326 567 377 legem
599 337 747 376 poenae
779 327 842 364 cui
874 325 980 364 dedit
1011 327 1093 376 ipsa
1124 338 1288 377 parens.

303 384 410 423 Illius
443 383 618 435 exemplo
653 383 770 422 violes
803 383 1008 422 simulacra
1039 384 1263 435 Minervae,

366 442 515 480 Aulidis
548 454 568 480 a
600 447 716 492 portu
750 443 817 492 qui
848 441 930 480 leve
961 444 1077 481 vertit
1109 444 1206 480 iter.

305 500 586 551 Naupliadaeve
619 499 732 537 modo
764 511 909 550 poenas
940 512 1011 550 pro
1045 501 1207 538 crimine
1240 499 1335 538 falso

217 567 285 599 620
364 558 487 596 Morte
520 557 602 596 luas
621 589 632 609 ‚
664 569 736 596 nec
768 563 806 595 te
838 570 916 596 non
948 560 1137 596 meruisse
1170 559 1298 596 iuvet.

215 638 273 644 —
305 616 492 655 Aethalon
525 621 569 654 ut
599 617 676 654 vita
708 615 886 666 spoliavit
915 615 1083 654 IsindIus
1114 615 1279 666 hospes,

366 674 490 720 Quem
522 686 670 712 memor
703 685 723 712 a
755 675 876 711 sacris
908 685 1012 712 nunc
1045 686 1199 724 quoque
1231 673 1339 724 pellit
1369 672 1462 711 Ion:

306 732 433 783 thue
465 732 682 771 Melanthea
713 731 887 770 tenebris
919 743 939 770 a
972 731 1087 770 caede
1120 731 1303 770 latentem

366 790 540 829 Prodidit
573 791 698 828 officio
731 789 888 828 luminis
921 791 1002 840 ipsa
1033 801 1196 840 parens:

219 857 285 888 625
308 848 371 887 Sic
405 855 469 887 tua
502 849 689 886 coniectis
722 848 917 886 fodiantur
948 853 1106 898 pectora
1139 848 1250 899 telis,
1464 854 1520 887 (29)

368 907 431 945 Sic
463 918 603 957 precor
636 905 787 944 auxiliis
819 906 1030 956 impediare
1063 907 1163 944 tuis.

308 965 440 1010 Qualis
474 977 594 1014 equos
627 970 738 1015 pacto
758 995 768 1015 ,
801 976 898 1015 quos
931 964 1042 1002 fortis
1075 964 1211 1014 agebat
1242 962 1432 1014 Achilles,

366 1023 460 1061 Acta
491 1022 634 1073 Phrygi
666 1022 800 1060 timido
820 1052 831 1073 ,
863 1034 939 1060 nox
971 1021 1041 1060 tibi
1074 1022 1158 1060 talis
1191 1027 1274 1061 eat.

308 1080 387 1118 Nec
420 1086 462 1119 tu
496 1092 610 1130 quam
643 1080 794 1118 Rhesus
829 1092 963 1118 somno
998 1079 1157 1118 meliore
1190 1081 1392 1131 quiescas,

220 1146 287 1177 630
369 1138 491 1183 Quam
525 1139 686 1176 comites
719 1137 837 1176 Rhesi
869 1144 951 1176 tum
984 1139 1090 1176 necis
1110 1169 1120 1189 ,
1153 1144 1240 1176 ante
1272 1139 1381 1189 viae3

310 1196 433 1241 Quam
467 1208 563 1246 quos
596 1207 684 1234 cum
717 1195 860 1234 Rutulo
895 1197 1010 1233 morti
1042 1195 1227 1235 Ramnete
1260 1195 1454 1234 dederunt

367 1253 533 1304 Impiger
565 1253 793 1304 Hyrtacides
826 1253 1134 1304 Hyrtacidaeque
1168 1266 1321 1292 comes.

308 1311 550 1351 Cliniadaeve
583 1311 696 1349 modo
731 1311 994 1350 circumdatus
1026 1312 1180 1362 ignibus
1212 1314 1306 1350 atris

367 1369 540 1408 Membra
573 1370 674 1408 feras
708 1369 859 1421 Stygiae
892 1372 1160 1409 semicremata
1191 1372 1300 1409 neci.

223 1437 289 1469 635
310 1428 437 1479 thue
470 1428 589 1466 Remo
622 1440 755 1466 muros
788 1440 881 1466 auso
913 1430 1079 1466 transire
1113 1434 1315 1479 recentes,

368 1486 488 1525 Noxia
522 1488 599 1524 sint
631 1488 747 1536 capiti
778 1487 924 1524 rustica
955 1486 1031 1524 tela
1063 1492 1153 1526 tuo.

309 1544 486 1594 Denique
520 1544 752 1582 Sarmaticas
784 1546 886 1583 inter
919 1543 1150 1596 Geticasque
1183 1546 1342 1595 sagittas

368 1602 436 1640 His
468 1614 608 1653 precor
640 1608 683 1640 ut
715 1603 818 1640 vivas
851 1608 889 1640 et
921 1604 1086 1641 moriare
1118 1603 1236 1641 locis.

310 1660 414 1699 Haec
446 1660 516 1698 tibi
549 1662 738 1711 tantisper
771 1660 899 1698 subito
932 1662 1010 1698 sint
1042 1663 1157 1699 missa
1189 1660 1345 1712 libello,

222 1727 289 1758 640
369 1718 608 1757 Inmemores
640 1731 688 1757 ne
721 1731 791 1756 nos
825 1731 909 1757 esse
943 1731 1108 1769 querare
1140 1721 1219 1758 tui.

310 1777 438 1815 Pauca
471 1777 655 1828 quidem,
689 1778 840 1816 Fateor:
890 1778 957 1816 sed
990 1777 1027 1815 di
1060 1777 1152 1816 dent
1184 1777 1295 1828 plura
1327 1777 1497 1828 rogatis,

369 1835 703 1885 Multiplicentque
737 1847 806 1873 suo
840 1841 925 1874 vota
957 1835 1086 1874 favore
1119 1847 1225 1875 mea.

310 1893 518 1932 Postmodo
551 1893 662 1944 plura
694 1893 797 1943 leges
831 1899 868 1931 et
900 1905 1041 1931 nomen
1072 1893 1252 1932 habentia
1284 1905 1441 1944 verum,

369 1951 418 1990 Et
448 1951 546 2003 pede
579 1963 654 2002 quo
688 1950 831 1989 debent
863 1953 966 1989 acria
997 1951 1095 1990 bella
1127 1953 1231 2002 geri.
