1575 2489
179 74 261 115 108
767 72 910 103 1131D1s

293 181 425 231 Deque
457 186 523 219 tuo
556 180 622 217 fiet
647 201 689 205 —
715 178 806 217 licet
834 178 906 216 hac
938 179 990 216 sis
1021 177 1132 215 laude
1165 175 1357 227 superbus
1380 198 1427 203 —

351 236 636 275 Insatiabilibus
669 247 832 286 corpore
863 236 944 273 rixa
975 235 1099 286 lupis.

294 295 338 334 In
368 295 452 333 loca
483 294 529 333 ab
562 294 700 345 Elysiis
732 294 882 331 diversa
912 292 1100 331 vocabere
1133 292 1300 343 campis,

353 352 533 403 Quasque
566 356 673 390 tenet
704 351 816 389 sedes
847 351 959 389 noxia
989 349 1103 388 turba
1121 380 1131 401 ‚
1163 349 1288 387 coles.

210 418 274 450 175
296 410 485 460 Sisyphus
517 415 577 448 est
606 409 683 447 illic
716 420 849 446 saxum
879 408 1113 458 volvensque
1144 413 1381 457 petensque,

355 468 507 518 Quique
539 468 665 518 agitur
696 466 850 517 rapidae
882 467 1034 504 vinctus
1066 464 1111 503 ab
1144 463 1237 502 orbe
1269 470 1399 514 rotae,

297 525 480 575 Quaeque
512 530 654 575 gerunt
684 525 829 563 umeris
861 525 1054 574 perituras
1086 521 1236 560 Belides
1268 521 1414 572 undas,
1461 521 1499 556 (9)

354 583 486 621 Exulis
517 583 708 633 Aegypti,
739 581 853 620 turba
885 587 1074 632 cruenta,
1105 592 1254 618 nurus.

296 641 413 679 Poma
444 646 554 691 pater
585 640 738 690 Pelopis
770 640 990 690 praesentia
1022 639 1201 688 quaerit,
1233 642 1271 675 et
1301 636 1405 674 idem

212 707 277 739 180
358 698 519 749 Semper
551 704 666 749 eget,
697 697 853 747 liquidis
885 708 1037 746 semper
1070 695 1238 733 abundat
1269 695 1402 745 aquis;

296 756 577 807 Iugeribusque
611 767 747 793 novem
780 766 954 792 summus
986 755 1052 803 qui
1084 753 1200 790 distat
1230 751 1276 790 ab
1307 754 1408 804 imo,

355 813 588 864 Visceraque
621 813 796 851 assiduae
829 811 956 850 debita
987 810 1148 860 praebet
1179 811 1259 848 avi.

295 871 368 910 Hic
398 871 469 910 tibi
501 872 546 909 de
579 871 707 909 Furiis
739 870 890 908 scindet
919 869 1018 907 latus
1050 880 1126 906 una
1157 867 1330 918 flagello,

354 929 405 968 Ut
436 929 593 967 sceleris
625 940 808 966 numeros
841 928 1048 965 confiteare
1080 927 1165 964 tui:

212 994 275 1027 185
296 987 425 1026 Altera
457 987 651 1025 Tartareis
683 991 809 1024 sectos
841 985 946 1023 dabit
976 983 1167 1034 anguibus
1199 988 1325 1022 artus:

355 1045 486 1083 Tertia
518 1045 709 1082 fumantes
741 1045 926 1093 incoquet
956 1044 1044 1093 igne
1076 1053 1194 1092 genas
1215 1072 1223 1080 .

297 1103 418 1141 Noxia
450 1101 552 1140 mille
584 1101 708 1139 modis
741 1100 972 1139 lacerabitur
1003 1099 1141 1137 umbra
1160 1130 1170 1150 ,
1202 1105 1365 1149 tuasque

357 1161 506 1198 Aeacus
537 1161 577 1197 in
609 1170 753 1209 poenas
784 1159 1009 1208 ingeniosus
1041 1158 1137 1195 erit.

296 1217 340 1255 In
371 1223 409 1256 te
442 1217 675 1255 transcribet
706 1221 880 1254 veterum
912 1219 1104 1253 tormenta
1136 1225 1316 1252 reorum:

214 1284 278 1315 190
359 1274 548 1313 Omnibus
581 1275 749 1324 antiquis
781 1285 894 1311 causa
927 1274 1067 1322 quietis
1100 1273 1199 1310 eris.

299 1333 462 1383 Sisyphe
481 1363 491 1382 ,
524 1333 587 1370 cui
618 1331 747 1369 tradas
779 1330 990 1368 revolubile
1022 1329 1202 1380 pondus,
1233 1327 1416 1367 habebis:

356 1389 576 1429 Versabunt
607 1389 753 1427 celeres
784 1400 888 1427 nunc
919 1400 1015 1426 nova
1047 1387 1218 1425 membra
1249 1392 1379 1424 rotae:

299 1448 371 1487 Hic
404 1454 442 1486 et
473 1449 576 1498 erit,
607 1459 735 1485 ramos
767 1446 910 1484 frustra
944 1447 1009 1495 qui
1040 1450 1168 1495 captet
1199 1449 1238 1482 et
1269 1444 1414 1482 undas:

356 1505 428 1544 Hic
459 1507 732 1554 inconsumpto
764 1505 911 1542 viscere
943 1509 1076 1553 pascet
1108 1514 1218 1540 aves,

214 1572 279 1604 195
299 1563 379 1602 Nec
410 1565 547 1601 mortis
578 1574 722 1613 poenas
753 1573 858 1599 mors
890 1561 1009 1599 altera
1040 1561 1148 1598 finiet
1179 1559 1318 1611 huius,

356 1621 538 1671 Horaque
571 1622 644 1658 erit
677 1621 792 1658 tantis
825 1618 958 1657 ultima
989 1618 1093 1656 nulla
1124 1617 1256 1656 malis.

297 1679 390 1718 Inde
422 1691 492 1729 ego
524 1690 646 1728 pauca
678 1689 840 1728 canam,
872 1676 1029 1714 frondes
1062 1681 1105 1714 ut
1137 1676 1258 1725 siquis
1289 1673 1335 1712 ab
1367 1673 1432 1712 Ida

357 1738 433 1775 Aut
464 1748 653 1775 summam
684 1735 826 1785 Libyco
860 1734 907 1772 de
938 1746 1043 1772 mare
1076 1739 1208 1783 carpat
1239 1744 1399 1783 aquam.

298 1795 393 1834 Nam
419 1806 545 1844 neque
573 1800 667 1844 quot
692 1793 808 1831 ssores
830 1792 958 1830 Sicula
983 1796 1191 1830 nascantur
1216 1792 1254 1828 in
1282 1789 1422 1840 Hybla,
1449 1797 1504 1830 (ιο)

212 1862 280 1893 200
359 1853 508 1898 Quotve
541 1852 667 1903 ferat,
699 1851 823 1889 (licam
842 1882 852 1902 ,
884 1856 988 1889 terra
1021 1849 1156 1888 Cilissa
1188 1860 1347 1898 οτοοοε,

301 1911 381 1949 Nec
414 1922 503 1949 cum
534 1910 658 1948 tristis
688 1908 812 1947 hiems
845 1908 1045 1958 Aquilonis
1076 1907 1271 1945 inhorruit
1302 1905 1394 1957 alis,

360 1968 482 2013 Quam
514 1967 633 2006 multa
664 1967 729 2005 fiat
760 1966 946 2017 grandine
979 1977 1097 2004 canus
1129 1964 1270 2015 Athos3

299 2027 380 2065 Nec
411 2026 508 2064 mala
540 2037 632 2064 voce
664 2037 748 2063 mea
778 2030 962 2075 poterunt
994 2029 1058 2062 tua
1090 2027 1229 2061 cuncta
1260 2021 1423 2072 referri,

360 2084 436 2123 Ora
468 2084 559 2122 licet
590 2083 738 2121 tribuas
770 2081 1021 2132 multiplicata
1052 2080 1168 2119 mihi.

215 2151 281 2182 205
302 2143 375 2181 Tot
407 2142 477 2181 tibi
502 2141 600 2180 vae!
650 2142 793 2179 misero
825 2141 979 2177 venient
1010 2138 1183 2188 talesque
1214 2138 1372 2186 ruinae,

361 2200 410 2239 Ut
442 2201 528 2250 cogi
559 2202 598 2237 in
630 2199 806 2237 lacrimas
838 2209 898 2235 me
932 2209 1085 2247 quoque
1117 2207 1230 2247 posse
1261 2200 1416 2246 putem.

302 2258 389 2297 Illae
422 2270 483 2296 me
514 2257 694 2296 lacrimae
726 2257 867 2294 sacient
898 2256 980 2293 sine
1011 2255 1087 2292 fine
1118 2254 1297 2292 beatum:
