1575 2489
192 77 276 118 348
729 79 982 112 FASTORUM

366 186 506 236 Fitque
538 188 598 224 sui
629 191 710 225 toto
742 192 900 236 pectore
931 185 1045 236 plena
1076 185 1160 224 dei.

307 243 511 290 Vilelam
544 243 672 282 subito
704 255 839 293 posses
872 255 1108 293 cognoscere
1127 275 1138 294 ,
1169 248 1276 281 tanto

221 310 288 340 540
369 302 548 340 Sanctior
580 307 618 340 et
649 306 755 340 tanto
774 331 785 352 ,
818 313 932 352 quam
965 301 1078 338 modo
1098 331 1108 351 ,
1139 303 1261 339 maior
1293 306 1398 339 erat.

308 355 444 398 ‘Laeta
476 370 636 398 canam.
691 358 843 409 gaude,
875 358 1056 397 defuncta
1087 358 1283 397 laboribus
1314 355 1427 397 Inol’

365 415 468 455 Dixit
500 413 560 455 eet
590 416 681 454 huic
712 416 855 467 populo
887 428 1073 466 prospera
1106 428 1258 467 semper
1291 415 1400 454 ades!

306 474 458 512 Numen
491 476 567 512 eris
598 474 751 525 pelagi.
809 479 943 512 natum
976 486 1130 524 quoque
1162 480 1306 525 pontus
1338 473 1516 512 habebit.

365 532 408 570 In
440 534 579 570 vestris
612 531 714 569 aliud
747 533 887 570 sumite
918 543 1060 570 nomen
1093 534 1225 582 aquis:

220 598 285 628 545
306 589 525 628 Leucothea
558 589 668 628 Grais
687 621 698 641 ,
728 589 872 628 Matuta
904 589 1090 628 vocabere
1122 591 1289 629 nostris:

365 647 408 685 In
439 654 576 698 portus
608 653 697 686 nato
729 649 790 685 ius
821 649 896 686 erit
927 659 1039 686 omne
1070 652 1162 699 tuo,

307 705 431 750 Quem
462 717 532 743 nos
563 705 808 755 Portunum,
841 717 910 743 sua
940 705 1069 756 lingua
1100 705 1329 743 Palaemona
1361 705 1485 744 dicet.

366 763 422 802 Ite
441 793 452 814 ,
483 775 654 814 precor,
685 765 830 801 nostris
861 775 1008 814 aequus
1039 769 1206 814 uterque
1238 760 1376 801 locisl’

306 822 534 868 Annuerat,
566 822 756 871 promissa
788 821 912 860 fides.
968 833 1135 872 posuere
1167 820 1342 860 labores:

221 887 288 918 550
365 879 529 917 Nomina
561 884 789 918 mutarunt.
844 879 908 917 hic
940 878 1036 917 deus
1055 911 1065 930 ,
1096 878 1158 916 illa
1191 879 1261 917 dea
1293 884 1374 917 est.

307 936 385 975 Cur
417 942 521 975 vetet
553 936 709 975 ancillas
742 937 956 987 accedere,
990 938 1175 987 quaeritis
1195 934 1216 975 Ῥ
1259 936 1363 975 odit:

364 994 683 1045 Principiumque
717 995 822 1046 odii,
855 996 887 1033 si
919 996 1019 1033 sinat
1050 994 1140 1045 illa,
1174 1006 1329 1033 canam.

307 1051 390 1090 Una
422 1054 688 1090 ministrarum
721 1053 831 1090 solita
863 1058 950 1102 est,
983 1052 1167 1103 Cadmei,
1199 1058 1355 1091 tuarum

368 1109 489 1160 Saepe
522 1109 594 1148 sub
627 1110 825 1160 amplexus
857 1111 1032 1159 coniugis
1063 1111 1120 1147 ire
1152 1111 1230 1148 tui.

221 1176 287 1205 555
309 1167 514 1218 Improbus
545 1167 644 1206 hanc
676 1168 857 1205 Athamas
890 1168 1024 1205 furtim
1056 1167 1217 1205 dilexit.
1273 1166 1319 1205 ab
1350 1166 1413 1205 illa

367 1225 564 1276 Comperit
595 1225 774 1276 agricolis
807 1227 953 1264 semina
984 1230 1085 1264 tosta
1116 1225 1221 1264 dari.

308 1283 393 1334 Ipsa
427 1284 582 1334 quidem
615 1285 754 1322 secisse
786 1289 928 1334 negat,
961 1283 1028 1322 sed
1060 1283 1158 1322 fama
1190 1284 1360 1334 recepit.
1467 1304 1514 1310 -

368 1340 449 1379 Hoc
483 1347 569 1393 est,
602 1353 672 1380 cur
704 1341 790 1380 odio
824 1343 874 1380 sit
905 1340 976 1380 tibi
1007 1353 1118 1380 serva
1149 1353 1307 1379 manus.

308 1398 394 1437 Non
426 1405 554 1438 tamen
586 1399 684 1438 hanc
716 1412 787 1450 pro
820 1401 940 1450 stirpe
973 1412 1041 1438 sua
1072 1401 1135 1450 pia
1165 1406 1288 1438 mater
1319 1399 1476 1438 adoret.

223 1465 290 1496 560
369 1457 455 1507 Ipsa
486 1469 623 1508 parum
656 1457 745 1496 felix
778 1459 856 1495 visa
888 1458 1008 1496 fuisse
1039 1469 1203 1508 parens.

309 1514 478 1553 Alterius
510 1515 660 1566 prolem
691 1515 830 1554 melius
862 1515 1092 1554 mandabitis
1123 1515 1200 1553 illi.

370 1572 508 1611 Utilior
538 1573 688 1612 Baccho
708 1604 719 1624 ,
751 1585 865 1624 quam
897 1574 970 1611 fuit
1001 1575 1083 1623 ipsa
1115 1575 1218 1611 suis.

310 1630 417 1669 Hanc
448 1630 519 1669 tihi
538 1662 548 1682 ‚
580 1627 678 1681 ‘quo
711 1642 898 1682 properas
917 1628 958 1669 ‘3'
990 1636 1207 1669 memorant
1238 1630 1404 1681 dixisse,

1031 1689 1174 1740 Rutili,

368 1743 492 1785 ‘Luce
526 1759 610 1785 mea
640 1747 766 1785 Marso
799 1746 935 1785 consul
967 1746 1013 1784 ab
1045 1746 1156 1785 hoste
1189 1743 1346 1785 cades?

221 1812 288 1843 565
310 1803 446 1843 Exitus
479 1806 643 1843 accessit
674 1805 802 1843 verbis
821 1836 831 1856 ,
863 1805 1085 1855 flumenque
1117 1804 1254 1843 Toleni

368 1863 617 1914 Purpureum
647 1865 777 1901 mixtis
810 1864 996 1913 sanguine
1027 1863 1138 1901 fluxit
1169 1864 1300 1913 aquis.

308 1920 514 1960 Proximus
546 1933 670 1960 annus
702 1926 814 1960 erat:
857 1920 1068 1960 Pallantide
1101 1932 1236 1959 caesus
1269 1920 1400 1959 eadem

367 1979 501 2017 Didius
534 1979 695 2018 hostiles
727 1980 978 2030 ingeminavit
1007 1991 1122 2030 opes.

308 2036 391 2076 Lux
424 2038 586 2089 eadem,
614 2037 814 2089 Fortuna,
845 2042 911 2076 tua
942 2042 1030 2088 est,
1062 2042 1274 2087 auctorque
1306 2036 1516 2087 locusque.

222 2103 288 2133 570
369 2095 444 2134 Sed
477 2097 749 2146 superiniectis
782 2097 869 2146 quis
900 2095 993 2134 latet
1024 2097 1096 2134 iste
1129 2093 1262 2145 togis?

312 2152 468 2192 Servius
501 2160 588 2205 est3
621 2160 659 2192 et
690 2159 842 2192 constat
873 2155 1002 2192 enim.
1059 2153 1127 2191 sed
1160 2165 1274 2191 causa
1305 2152 1450 2192 latendi

367 2210 598 2263 Discrepat,
631 2217 670 2250 et
701 2211 862 2250 dubium
893 2223 954 2249 me
987 2223 1140 2262 quoque
1173 2213 1314 2250 mentis
1345 2210 1482 2250 habet.

310 2268 409 2307 Dum
442 2270 511 2308 dea
542 2270 705 2308 furtivos
738 2269 871 2308 timide
902 2270 1108 2320 profitetur
1140 2281 1313 2320 amores,
