1575 2489
173 126 258 168 210
714 128 778 159 Ex
802 128 956 160 PONTO

348 236 530 285 Exceptis
548 265 559 286 ⁷
592 236 695 285 siqui
726 246 888 273 munera
918 234 1014 284 legis
1044 235 1209 274 habent.

228 303 270 332 55
291 294 482 343 Tempora
515 299 664 330 sacrata
696 304 780 330 mea
812 299 904 330 sunt
934 292 1055 331 velata
1087 305 1252 344 corona,

350 350 534 388 Publicus
565 351 685 388 invito
719 362 834 400 quam
865 351 971 388 favor
1002 352 1195 401 inposuit.

292 408 414 453 Quam
447 413 554 458 grata
585 414 644 446 est
675 409 794 457 igitur
824 407 992 446 Latonae
1024 408 1129 447 Delia
1160 407 1299 460 tellus,

349 465 506 503 Erranti
537 470 665 504 tutum
699 477 796 515 quae
828 465 932 504 dedit
964 478 1040 504 una
1069 467 1220 517 locum,

292 524 385 561 Tam
417 523 511 561 mihi
543 535 631 561 cara
662 523 823 574 Tomis,
854 525 977 574 patria
1011 536 1107 574 quae
1141 524 1231 562 sede
1264 524 1404 572 sugatis

229 591 272 621 60
351 581 521 632 Tempus
553 582 599 619 ad
631 581 705 619 hoc
737 581 848 619 nobis
880 581 1031 631 hospita
1062 582 1134 619 fida
1166 588 1317 619 manet:

294 639 339 677 Di
371 639 485 677 modo
517 639 732 690 fecissent,
763 639 935 690 placidae
968 651 1076 689 spem
1107 646 1239 690 posset
1269 639 1412 678 habere

349 696 487 749 Pacis,
521 702 558 735 et
590 708 610 735 a
642 697 768 747 gelido
800 697 952 748 longius
985 709 1052 735 axe
1085 697 1207 736 foret.

787 824 886 871 XV.

294 930 425 981 Siquis
457 929 582 967 adhuc
614 941 777 979 usquam
811 930 936 967 nostri
967 941 1045 967 non
1077 930 1267 968 inmemor
1299 936 1423 981 extat,

353 988 501 1033 Quidve
533 987 728 1037 relegatus
760 986 891 1038 Naso,
923 988 1116 1038 requirit,
1149 999 1281 1037 agam:

294 1045 524 1084 Caesaribus
554 1046 693 1091 vitam,
727 1044 843 1083 Sexto
877 1045 1019 1083 debere
1052 1045 1214 1083 salutem

351 1103 410 1141 Me
444 1104 567 1141 sciat.
622 1114 643 1140 a
675 1104 827 1153 superIs
859 1102 921 1140 hic
953 1102 1048 1140 mihi
1079 1104 1228 1156 primus
1261 1105 1355 1142 erit.

254 1170 272 1199 5
294 1161 485 1211 Tempora
517 1172 605 1198 nam
637 1161 801 1198 miserae
835 1160 1068 1210 complectar
1100 1166 1144 1198 ut
1174 1162 1301 1199 omnia
1333 1163 1453 1213 vitae,

353 1221 382 1256 Α
415 1219 564 1257 meritis
597 1219 680 1256 eius
711 1230 801 1269 pars
834 1217 928 1256 mihi
959 1218 1062 1256 nulla
1094 1225 1223 1256 vacat.

295 1277 400 1322 Quae
433 1288 596 1315 numero
630 1281 687 1314 tot
717 1282 836 1327 sunt,
869 1282 963 1326 quot
995 1277 1034 1314 in
1065 1276 1178 1314 horto
1211 1276 1349 1315 fertilis
1382 1279 1462 1316 arvi

352 1335 499 1374 Punica
531 1333 602 1372 sub
635 1333 739 1372 lento
772 1335 916 1372 cortice
948 1346 1066 1384 grana
1097 1333 1266 1386 rubent3

296 1394 423 1431 Africa
456 1398 550 1443 quot
581 1398 733 1443 segetes
752 1423 763 1444 ‚
795 1398 889 1443 quot
921 1392 1067 1430 Tmolia
1099 1398 1204 1430 terra
1235 1404 1433 1445 racemos,

235 1460 276 1490 10
356 1451 457 1496 Quot
490 1450 630 1501 Sicyon
661 1450 775 1488 bacas
794 1481 805 1501 ‚
838 1455 932 1500 quot
962 1452 1064 1500 parit
1095 1450 1214 1500 Hybla
1247 1451 1373 1489 favos.

297 1508 514 1547 Confiteor:
559 1514 704 1546 testere
735 1508 854 1558 licet,
887 1509 1034 1558 signate
1068 1507 1262 1559 Quirites;
1452 1530 1498 1536 —

354 1567 416 1604 Nil
448 1578 544 1617 opus
577 1571 637 1604 est
667 1566 796 1617 legum
828 1565 1003 1617 viribus,
1034 1567 1116 1616 ipse
1149 1566 1310 1617 loquor.

296 1625 402 1663 Inter
429 1636 522 1675 opes
554 1629 593 1663 et
618 1636 706 1675 me,
738 1636 894 1674 parvam
925 1635 1007 1662 rem
1026 1654 1037 1675 ,
1063 1636 1163 1674 pone
1194 1630 1398 1674 paternas:
1430 1633 1502 1666 (143)

353 1683 448 1721 Pars
481 1694 551 1733 ego
585 1683 655 1720 sim
689 1694 830 1720 census
863 1681 1215 1732 quantulacumque
1248 1684 1329 1721 tui.

237 1750 276 1780 15
299 1740 421 1786 Quam
454 1747 519 1779 tua
550 1740 750 1778 Trinacria
783 1746 840 1778 est
872 1745 1107 1790 regnataque
1140 1746 1245 1779 terra
1274 1740 1475 1793 Philippo,

357 1799 479 1844 Quam
512 1798 650 1837 domus
681 1800 854 1848 Augusto
888 1800 1109 1836 continuata
1141 1799 1248 1849 foro,

297 1856 419 1901 Quam
450 1863 516 1895 tua
539 1888 550 1908 ‚
587 1869 655 1895 rus
697 1856 818 1895 oculis
851 1856 1024 1907 domini,
1057 1856 1290 1908 Campania,
1328 1863 1501 1908 gratum,

355 1914 539 1965 Quaeque
572 1914 706 1952 relicta
738 1914 808 1952 tibi
826 1945 836 1965 ,
870 1914 984 1952 Sexte
1003 1946 1014 1966 ‚
1046 1914 1104 1952 vel
1137 1920 1264 1964 empta
1295 1920 1427 1954 tenes:

296 1973 389 2011 Tam
422 1979 513 2011 tuus
545 1984 592 2011 en
626 1985 695 2023 ego
729 1984 842 2024 sum,
881 1974 992 2011 cuius
1024 1978 1061 2010 te
1093 1984 1254 2010 munere
1286 1975 1388 2012 tristi

236 2040 278 2069 :20
357 2031 442 2069 Non
473 2037 584 2082 potes
615 2032 655 2069 in
686 2030 808 2069 Ponto
841 2030 971 2069 dicere
1003 2029 1145 2068 habere
1177 2030 1295 2068 nihil.

297 2091 424 2139 Atque
457 2091 605 2128 utinam
636 2091 792 2140 possis,
824 2094 862 2127 et
894 2088 1008 2126 detur
1039 2089 1199 2126 amicius
1232 2100 1387 2136 arvum,

356 2147 529 2198 Remque
563 2153 668 2186 tuam
699 2159 819 2197 ponas
849 2149 890 2184 in
922 2145 1081 2184 meliore
1113 2145 1220 2185 loco!

299 2204 408 2249 Quod
442 2207 623 2256 quoniam
654 2207 694 2244 in
726 2205 784 2243 dis
816 2210 873 2243 est
891 2236 902 2256 ‚
934 2210 1079 2254 tempta
1110 2204 1232 2243 lenire
1263 2205 1456 2256 precando

362 2263 557 2316 Numina,
590 2270 777 2314 perpetua
811 2275 907 2314 quae
939 2263 1081 2312 pietate
1116 2264 1222 2301 cois.

235 2329 278 2360 25
299 2321 486 2360 Maeroris
519 2334 606 2360 nam
638 2328 709 2374 tu,
742 2323 802 2360 vix
835 2327 893 2360 est
925 2321 1170 2373 discernere,
1202 2323 1326 2360 nostri
