1601 2484
480 57 544 90 111.
571 65 631 89 ΧΠ
653 59 819 90 :ae—mv
841 60 896 91 21.
1299 56 1355 97 59

139 165 315 216 Micaque
348 164 525 203 sollemni
556 166 656 203 turis
688 166 727 203 in
760 166 848 215 igne
881 170 1016 216 sonet,

140 223 312 273 Libaque
345 223 432 261 dem
464 224 621 273 proprie
654 223 820 273 genitale
853 225 1023 262 notantia
1055 228 1238 275 tempus,

140 281 441 331 Concipiamque
475 280 596 319 bonas
629 293 695 319 ore
728 282 880 320 favente
913 279 1088 332 preces?

139 339 223 378 Non
256 341 309 378 ita
342 350 427 377 sum
459 340 639 390 positus,
671 351 743 378 nec
776 345 868 378 sunt
899 351 943 377 ea
975 345 1151 391 tempora
1182 339 1318 391 nohis,

76 405 120 435 20
142 397 317 436 Adventu
348 398 493 447 possim
527 396 652 435 laetus
684 403 728 435 ut
759 409 845 435 esse
878 402 967 436 tuo.

140 455 306 494 Funeris
339 467 404 493 ara
436 455 560 506 mihi,
592 455 702 493 ferali
734 457 860 494 cineta
892 467 1108 507 cupressu,

140 514 328 551 Convenit
360 517 398 551 et
431 514 592 551 structis
624 513 776 551 flamma
808 520 940 563 parata
972 515 1099 564 rogis.

139 571 218 610 Nec
250 571 342 609 dare
374 576 461 609 tura
493 570 588 610 libet
619 571 673 610 nil
705 573 904 610 exorantia
937 571 1070 623 divos,

139 629 181 668 In
214 630 332 667 tantis
365 629 534 668 subeunt
566 641 637 668 nec
669 629 770 668 bona
801 630 917 668 verba
951 629 1060 667 malis
1079 659 1087 667 .

75 695 118 725 25
140 687 181 726 Si
213 693 341 726 tamen
375 694 434 726 est
466 687 610 738 aliquid
644 687 756 726 nobis
788 687 859 725 hac
890 687 977 725 luce
1009 687 1244 738 petendum,

141 745 182 784 In
214 745 298 784 loca
329 757 378 784 ne
410 745 547 784 redeas
579 746 743 796 amplius
775 746 876 796 ista,
908 757 1072 796 precor,

139 804 237 842 Dum
269 815 330 842 me
362 809 557 842 terrarum
588 816 678 854 pars
710 815 831 853 paene
864 804 1072 842 novissima
1091 834 1102 855 ,
1134 803 1304 854 Pontus,

140 861 316 901 Euxinus
349 861 445 900 falso
477 863 632 900 nomine
665 861 793 900 dictus
812 892 823 912 ‚
855 861 994 900 habet.

631 988 752 1037 XIV.

142 1093 277 1133 Cultor
310 1100 348 1134 et
380 1096 542 1134 antistes
575 1096 779 1134 doctorum
812 1099 943 1134 sancte
976 1096 1172 1146 virorum,

143 1153 243 1198 Quid
277 1154 371 1192 sacis
390 1185 401 1206 ,
433 1154 588 1204 ingenio
622 1165 777 1204 semper
810 1155 931 1192 amice
964 1151 1086 1191 meo?

141 1211 292 1262 Ecquid
312 1243 322 1263 ,
353 1218 397 1250 ut
427 1212 660 1250 incolumem
694 1212 889 1262 quondam
923 1211 1122 1250 celebrare
1155 1210 1330 1262 solebas,

141 1269 254 1307 Nunc
286 1282 471 1321 quoque,
504 1282 551 1308 ne
585 1270 716 1308 videar
749 1276 854 1309 totus
887 1269 1053 1321 abesse,
1086 1267 1232 1308 caves?

100 1335 120 1366 5
143 1327 318 1378 Suspicis
350 1329 523 1378 exceptis
556 1328 696 1379 ecquid
728 1340 813 1367 mea
846 1329 1017 1367 carmina
1050 1327 1143 1366 solis

142 1386 331 1438 Artibus,
364 1387 504 1425 artifici
536 1398 633 1437 quae
665 1399 836 1425 nocuere
869 1384 975 1424 suo?

144 1444 265 1484 Immo
296 1446 350 1483 ita
381 1445 469 1496 fac,
503 1456 647 1495 quaeso
666 1475 677 1496 ,
709 1451 839 1483 vatum
872 1444 1046 1483 studiose
1079 1456 1290 1495 novorum,

144 1502 304 1554 Quaque
335 1508 470 1554 potes,
502 1505 628 1541 retine
661 1515 805 1554 eorpus
836 1504 876 1540 in
910 1502 1012 1540 Urbe
1045 1514 1198 1541 meum.

144 1561 213 1599 Est
244 1561 334 1612 fuga
366 1561 467 1599 dicta
499 1561 622 1613 mihi,
654 1573 732 1600 non
765 1566 824 1599 est
855 1561 944 1611 fuga
977 1560 1080 1599 dicta
1111 1560 1275 1612 libellis,

81 1627 122 1657 10
145 1619 219 1664 Qui
251 1619 397 1658 domini
427 1631 593 1670 poenam
625 1631 703 1658 non
736 1631 917 1658 meruere
949 1620 1033 1657 sui.

146 1677 267 1729 Saepe
299 1690 370 1728 per
401 1682 595 1716 extremas
627 1678 816 1729 profugus
848 1683 958 1728 pater
991 1676 1120 1716 exulat
1151 1689 1263 1728 oras,

144 1735 248 1774 Urbe
280 1741 410 1774 tamen
441 1738 543 1774 natis
575 1736 698 1775 exulis
731 1748 817 1775 esse
849 1736 964 1775 licet.

143 1794 309 1833 Palladis
341 1794 517 1846 exemplo
549 1795 597 1833 de
628 1806 690 1833 me
722 1796 805 1833 sine
839 1799 961 1833 matre
994 1801 1123 1833 creata

146 1852 323 1891 Carmina
356 1858 476 1892 sunt:
526 1855 646 1904 stirps
677 1853 772 1892 haec
804 1854 1090 1904 progeniesque
1124 1865 1208 1891 mea
1240 1857 1322 1891 est.

83 1918 125 1948 15
145 1910 252 1950 Hanc
272 1911 344 1950 tibi
364 1912 610 1962 commendo,
631 1924 729 1962 quae
751 1924 827 1962 quo
849 1913 969 1962 magis
991 1911 1085 1950 orba
1104 1916 1265 1962 parente
1288 1917 1364 1962 est,

145 1969 227 2008 Hoc
258 1969 331 2008 tibi
361 1971 484 2008 tutori
516 1971 667 2008 sarcina
697 1971 821 2009 maior
853 1971 950 2008 erit.

147 2027 244 2066 Tres
276 2027 370 2066 mihi
402 2033 495 2066 sunt
526 2029 605 2067 nati
637 2030 813 2079 contagia
845 2034 978 2066 nostra
1010 2029 1159 2066 secuti:

146 2085 283 2124 Cetera
315 2086 374 2124 fac
407 2098 523 2125 curae
556 2088 607 2125 sit
638 2086 710 2125 tihi
741 2086 855 2125 turba
887 2087 1036 2137 palam.

148 2143 248 2182 Sunt
274 2156 429 2195 quoque
450 2150 643 2196 mutatae,
669 2150 730 2183 ter
751 2147 924 2196 quinque
950 2144 1168 2195 volumina,
1196 2144 1364 2194 formae,

82 2209 126 2240 20
148 2201 327 2240 Carmina
359 2202 406 2241 de
439 2202 585 2242 domini
617 2203 754 2242 funere
788 2209 896 2253 rapta
928 2204 1011 2241 sui.

147 2259 244 2298 Illud
277 2272 375 2312 opus
407 2263 563 2313 potuit,
596 2263 630 2300 si
660 2273 738 2300 non
770 2263 880 2312 prius
912 2262 995 2312 ipse
1027 2261 1242 2312 perissem,
