1601 2484
1349 63 1419 97 VH

85 177 178 215 olim
208 176 249 213 in
281 175 337 214 ed.
365 175 514 213 Teubn.
544 187 581 223 p.
608 182 655 212 IX
682 186 702 212 e
728 173 856 211 Fastis
889 173 1055 221 enotavi,
1088 175 1157 211 aut
1183 173 1286 222 quod
1312 172 1417 210 Korn

83 234 180 271 mihi
217 233 399 282 opposuit
435 247 472 282 p.
504 240 582 272 XII.
655 244 792 270 versus
831 234 900 270 aut
932 231 1099 269 disticha
1129 231 1170 268 in
1202 230 1418 268 Petaviano

84 292 344 341 suspicionem
386 292 662 340 praeterquam
701 290 829 328 obiter
866 289 1099 339 quibusdam
1136 289 1304 327 movisse
1341 301 1421 326 non

83 351 250 398 invenio,
277 349 425 387 omittit
445 348 541 387 adeo
562 348 602 386 II
624 349 705 386 203
730 349 824 387 204.
899 348 945 386 de
966 347 1260 398 Hamburgensi
1286 349 1418 385 autem

85 408 287 447 verissime
320 409 455 446 contra
485 418 547 444 me
578 406 687 444 Korn
719 403 829 445 dixit.

202 466 303 504 Sunt
327 466 368 503 in
392 466 475 514 hoc,
503 466 594 503 sunt
618 465 656 502 in
677 465 800 503 Ibidis
827 467 867 503 et
886 464 1096 502 Fastorum
1115 463 1228 502 libris
1249 463 1418 513 egregiis

83 524 190 562 haud
221 524 318 562 adeo
349 535 484 573 pauca,
517 535 617 572 quae
642 523 760 572 paulo
787 522 1066 571 antiquiorum,
1099 522 1132 559 si
1158 524 1420 570 superessent,

82 583 318 621 auctoritate
338 581 510 631 expungi
534 581 711 630 potuisse
730 582 797 619 vix
821 581 1040 630 negaveris,
1073 592 1160 618 cum
1186 580 1417 618 confluxisse

82 653 224 680 novem
257 641 503 679 saeculorum
534 641 700 678 decursu
730 640 772 677 in
797 639 937 677 decimi
961 639 1083 676 libros
1109 651 1232 688 aeque
1259 650 1418 676 consen-

86 702 245 737 taneum
283 699 350 748 sit,
389 711 434 737 ac
470 699 681 737 verborum
711 697 1034 746 interpolationes
1072 696 1285 744 undecimi,
1325 696 1419 733 duo-

85 757 223 796 decimi
245 757 447 805 coaluisse,
473 756 577 805 quod
597 768 712 805 saepe
731 756 876 804 videas,
903 767 991 793 cum
1011 755 1290 793 recentissimis
1312 754 1422 792 tertii

83 817 147 853 vel
178 816 311 865 quarti
341 815 492 854 decimi.
564 826 634 852 nec
660 814 829 852 multum
860 814 1000 862 refert,
1033 813 1170 864 gravia
1196 825 1247 850 an
1271 812 1423 851 leviora

83 874 124 911 in
153 874 299 912 talibus
333 874 549 922 culpemus,
587 885 675 911 cum
706 872 866 921 perinde
898 872 1086 910 miserum
1118 871 1186 919 sit,
1231 871 1422 919 pessimos

83 935 153 970 aut
189 931 402 970 mediocres
439 942 575 970 versus
607 931 647 968 in
677 932 795 979 poeta
826 930 995 979 relinqui
1027 931 1109 968 sola
1140 929 1303 967 testium
1333 929 1421 966 red-

84 991 335 1040 arguentium
353 989 527 1039 penuria.
595 991 781 1038 poterant
798 989 998 1026 interdum
1009 988 1106 1026 adeo
1118 988 1271 1026 utiliter
1291 1000 1423 1025 aman-

83 1049 181 1098 dari,
214 1061 313 1099 quae
345 1048 578 1097 placuerunt
609 1049 678 1086 aut
709 1047 836 1086 adhuc
865 1047 1032 1096 placent.

204 1107 282 1144 Diu
315 1108 375 1144 est
406 1119 452 1144 ex
483 1118 559 1155 quo
591 1105 639 1144 de
670 1106 742 1144 hoc
768 1117 912 1156 genere
939 1105 1031 1143 data
1058 1117 1176 1154 opera
1202 1103 1423 1153 dispectum

84 1178 161 1203 non
186 1168 256 1203 est.
328 1165 413 1204 Nic.
438 1164 636 1213 Heinsius,
662 1164 887 1202 venerabile
913 1176 1066 1211 nomen,
1092 1165 1230 1201 notare
1257 1162 1423 1210 solebat,

84 1223 273 1273 quidquid
309 1223 478 1261 colorem
510 1222 760 1270 Ovidianum,
799 1222 902 1270 quod
939 1222 1087 1270 aiebat,
1125 1234 1204 1259 non
1239 1221 1423 1269 haberet3

86 1282 154 1320 sed
186 1282 232 1319 de
265 1294 308 1319 eo
341 1281 468 1319 colore
500 1281 700 1318 remissius
732 1281 849 1328 paulo
882 1282 922 1317 et
947 1280 1176 1318 clementius
1210 1279 1423 1328 statuebat,

85 1339 316 1389 argutiolas,
343 1339 599 1387 calamistros,
625 1338 775 1376 ludicra
799 1338 1070 1386 insipientium
1094 1338 1425 1386 interpolatorum

84 1397 282 1436 interdum
307 1399 443 1435 contra
467 1397 594 1445 ipsam
613 1397 804 1434 bonorum
823 1397 1015 1434 librorum
1033 1395 1151 1433 fidem
1170 1396 1422 1434 admittebat:

86 1458 132 1494 ut
162 1456 307 1494 mirum
336 1467 416 1494 non
448 1455 509 1503 sit,
543 1455 576 1493 si
607 1466 706 1504 quae
738 1455 787 1492 ab
814 1454 986 1503 antiquis
1013 1454 1060 1492 de
1086 1456 1204 1502 poeta
1230 1466 1301 1491 sua
1326 1454 1424 1492 vitia

85 1516 242 1552 amante
279 1514 455 1563 graviter
487 1515 527 1551 et
558 1513 725 1551 scienter
757 1513 967 1551 observata
999 1515 1106 1561 sunt,
1144 1511 1424 1550 recrudescunt

85 1573 200 1611 hodie
236 1572 367 1622 inique
411 1573 451 1610 et
487 1573 682 1620 proterve.
755 1571 960 1609 Bentleius
1003 1570 1199 1608 modicum
1236 1583 1424 1608 versuum

84 1643 308 1679 numerum,
346 1629 555 1668 admodum
594 1642 743 1678 ccxxx,
780 1629 1030 1679 proscripsit,
1069 1641 1206 1667 causas
1244 1641 1323 1666 non
1361 1641 1423 1666 ex-

84 1690 226 1738 posuit.
297 1689 391 1727 fecit
439 1688 512 1726 hoc
555 1688 699 1737 ubique
742 1688 797 1726 Io.
843 1687 1099 1735 Schrader-us,
1151 1687 1341 1726 sermonis
1386 1690 1426 1725 et

87 1747 372 1785 sententiarum
404 1746 697 1785 convenientiae
723 1746 938 1796 castigator
964 1746 1248 1793 exactissimus,
1280 1746 1341 1783 vir
1365 1746 1423 1782 in-

85 1806 282 1856 geniosus,
308 1806 347 1843 in
372 1805 722 1843 Emendationibus
748 1808 789 1843 et
815 1804 965 1843 schedis
991 1804 1167 1843 ineditis:
1201 1804 1269 1842 sed
1294 1804 1424 1842 nescio

86 1876 162 1914 quo
194 1864 277 1902 fato
309 1876 427 1912 quam
462 1864 625 1912 meruit,
665 1863 780 1902 laude
812 1863 1019 1901 fraudatus
1052 1866 1128 1911 est,
1167 1862 1263 1901 adeo
1301 1865 1346 1900 ut
1377 1862 1425 1900 de

88 1922 284 1960 Tristibus
317 1925 357 1960 et
376 1922 487 1960 Ibide
513 1934 612 1971 quae
637 1922 855 1971 publicavit
879 1923 944 1961 vel
969 1921 1095 1970 hodie,
1127 1923 1235 1970 puto,
1267 1921 1427 1969 insuper

86 1982 316 2019 habeantur.
389 1983 480 2030 post
515 1981 634 2030 hunc,
672 1981 739 2030 qui
779 1980 876 2019 obiit
913 1982 1005 2018 ante
1042 1980 1147 2029 ipsos
1180 1991 1303 2017 annos
1335 1991 1423 2018 oen-

85 2042 192 2088 tum,
230 2041 270 2078 et
305 2039 579 2088 paucissimos,
618 2039 685 2088 qui
721 2039 893 2088 vestigia
928 2040 1175 2087 presserunt,
1216 2037 1340 2076 omnis
1380 2050 1427 2075 ea

88 2097 264 2148 quaestio
296 2098 487 2148 elanguit,
520 2097 640 2136 donec
669 2097 880 2136 novissime
913 2098 1159 2146 aliquantum
1190 2097 1427 2134 resuscitata

86 2158 165 2205 est,
203 2156 319 2205 idque
355 2156 547 2194 bifariam.
623 2168 712 2194 cum
748 2169 768 2194 e
806 2156 999 2193 librorum
1042 2155 1280 2204 optimorum
1322 2167 1426 2204 penu

86 2227 165 2253 11011
196 2215 306 2252 nulla
336 2216 474 2263 poetae
499 2214 727 2254 nervosiora
753 2216 794 2253 et
819 2214 1037 2263 signatiora
1063 2215 1297 2262 deprompta
1323 2216 1426 2261 sunt,

85 2273 128 2311 id
159 2285 312 2323 quoque
339 2275 574 2322 temptatum
601 2275 672 2322 est,
704 2276 749 2311 ut
775 2273 1012 2322 comparatis
1039 2272 1143 2311 inter
1169 2284 1210 2311 se
1236 2285 1336 2321 quae
1361 2272 1428 2310 vel
