1575 2489
542 97 582 129 V.
610 99 803 131 393—466.
1259 94 1343 136 115

40 215 107 246 430
187 205 265 244 Cur
297 205 489 243 externati
521 217 660 243 rursus
693 211 855 255 agantur
887 206 998 256 equi.

127 263 254 302 Foeda
285 262 498 313 Lycaoniae
530 269 686 313 repetes
712 265 884 301 convivia
916 274 1095 313 mensae,

186 321 487 371 Temptabisque
521 320 598 359 cibi
630 321 760 359 fallere
793 321 928 360 fraude
960 321 1111 360 lovem.

127 379 260 429 Teque
292 379 431 429 aliquis
463 380 588 429 posito
624 384 786 430 temptet
818 381 892 417 vim
926 380 1096 418 numinis
1128 385 1242 430 opto,

185 437 404 475 Tantalides
436 443 480 475 ut
512 438 564 475 sis
597 443 638 475 tu
672 436 852 488 Celeique
884 450 1005 488 puer.

39 503 104 535 435
125 495 174 534 Et
206 502 271 534 tua
304 496 358 533 sic
390 494 487 533 latos
520 501 751 546 spargantur
783 495 957 534 membra
988 507 1058 546 per
1090 507 1227 547 agros,

185 553 396 604 Tamquam
430 565 526 605 quae
560 555 703 604 patrias
736 554 939 592 detinuere
971 555 1074 592 vias.

126 613 225 651 Aere
256 611 421 650 Perilleo
454 624 567 650 veros
599 613 752 650 imitere
785 613 992 664 iuvencos,

184 670 240 708 Ad
272 670 435 708 formam
466 671 569 709 tauri
601 671 853 709 conveniente
886 683 1004 709 son0.

126 727 253 778 thue
286 728 392 766 ferox
427 728 628 780 Phalaris,
659 728 790 779 lingua
820 730 930 779 prius
963 740 1055 767 ense
1088 735 1240 768 resecta

38 794 104 824 440
184 785 290 824 More
322 786 431 825 bovis
462 786 608 837 Paphio
641 786 796 825 clausus
827 788 866 824 in
900 798 987 825 aere
1020 799 1173 837 gemas.

124 844 301 895 Dumque
333 845 462 883 redire
495 845 599 883 voles
631 846 714 882 aevi
745 844 916 883 melioris
947 846 987 883 in
1020 857 1166 898 annos,
1282 850 1338 893 (21)

184 902 233 941 Ut
265 908 374 941 vetus
406 903 559 941 Admeti
592 903 784 953 decipiare
819 915 952 941 socer.

124 962 199 999 Aut
230 973 350 1011 eques
381 963 420 999 in
454 961 571 999 medii
602 973 779 1011 mergare
811 963 992 1012 voragine
1026 963 1156 1014 caeni,

183 1018 397 1057 Dummodo
431 1020 508 1057 sint
539 1019 607 1057 fati
638 1021 792 1058 nomina
824 1020 928 1059 nulla
961 1021 1041 1058 tui.

37 1085 104 1115 445
125 1078 250 1127 Atque
283 1079 430 1115 utinam
463 1090 599 1128 pereas
619 1109 629 1129 ,
660 1077 778 1116 veluti
810 1078 856 1116 de
889 1078 1072 1117 dentibus
1105 1079 1182 1117 orti

184 1135 340 1174 Sidonia
372 1137 483 1173 iactis
516 1136 628 1174 Graia
659 1148 729 1186 per
761 1148 849 1174 arva
876 1149 1014 1175 manu.

125 1193 173 1232 Et
206 1206 303 1244 quae
335 1193 526 1232 Pitthides
558 1194 650 1232 fecit
669 1225 679 1245 ,
712 1196 935 1245 pariterque
969 1194 1132 1233 Molinae

184 1251 373 1290 Eveniant
405 1253 521 1302 capiti
553 1258 639 1290 vota
671 1253 828 1290 sinistra
860 1258 951 1291 tuo:

125 1309 173 1347 Et
205 1309 346 1360 quibus
379 1312 517 1360 exiguo
550 1316 610 1348 est
640 1310 809 1349 volucris
842 1311 979 1349 devota
1010 1310 1162 1363 libello,

38 1375 104 1406 450
184 1367 354 1419 Corpora
385 1370 558 1418 proiecta
590 1380 687 1419 quae
721 1381 788 1407 sua
820 1375 961 1420 purgat
991 1381 1114 1419 aqua.

127 1424 291 1464 Vulnera
324 1432 457 1477 totque
490 1427 621 1477 feras,
654 1433 749 1477 quot
780 1427 923 1465 dicitur
954 1427 1019 1465 ille
1052 1427 1212 1479 tulisse,

184 1483 302 1522 Cuius
335 1484 380 1522 ab
411 1484 562 1522 inferiis
595 1484 719 1523 culter
751 1484 886 1523 abesse
919 1485 1038 1523 solet.

126 1543 399 1593 Attonitusque
433 1555 571 1593 seces,
603 1549 646 1581 ut
677 1555 775 1593 quos
808 1543 985 1594 Cybeleia
1017 1549 1141 1583 mater

183 1600 348 1651 Incitat,
382 1601 427 1639 ad
459 1601 646 1651 Phrygios
679 1601 765 1639 vilia
798 1601 969 1640 membra
1002 1602 1160 1641 modos.

40 1666 105 1697 455
126 1658 257 1708 Deque
291 1660 371 1696 viro
404 1659 471 1697 fias
504 1672 575 1698 nec
608 1660 748 1697 semina
780 1672 852 1698 nec
885 1661 971 1712 vir,
1004 1667 1047 1699 ut
1077 1662 1201 1711 Attis,

183 1716 232 1755 Et
263 1718 411 1767 quatias
443 1717 548 1755 molli
581 1724 759 1768 tympana
791 1730 907 1756 rauca
940 1730 1078 1757 manu.

126 1774 245 1824 Inque
278 1787 398 1826 pecus
430 1775 558 1814 subito
590 1775 748 1826 Magnae
782 1782 933 1815 vertare
966 1779 1162 1828 parentis,

183 1832 314 1871 Victor
346 1840 389 1872 ut
420 1839 480 1872 est
512 1833 629 1872 celeri
660 1836 839 1885 victaque
871 1847 982 1873 versa
1014 1836 1135 1885 pede.

129 1890 292 1941 Solaque
326 1891 485 1930 Limone
518 1904 681 1942 poenam
713 1905 760 1931 ne
795 1895 962 1932 senserit
992 1893 1119 1945 illam,

41 1956 107 1987 460
185 1948 234 1987 Et
266 1956 330 1988 tua
362 1950 477 1988 dente
510 1951 592 1988 fero
626 1952 772 1989 viscera
804 1958 936 2002 carpat
969 1964 1116 2002 equus,

126 2007 201 2046 Aut
233 2014 275 2046 ut
307 2008 598 2060 Cassandreus,
631 2008 786 2048 domino
819 2022 896 2048 non
929 2011 1060 2048 mitior
1090 2009 1176 2047 illo?

186 2065 348 2104 Saucius
380 2068 528 2117 ingesta
561 2067 841 2106 contumuleris
874 2068 1014 2106 humo.

127 2123 202 2162 Aut
235 2131 275 2162 ut
307 2124 538 2163 Abantiades
557 2155 568 2177 ,
600 2131 666 2164 aut
698 2131 740 2164 ut
773 2126 965 2176 Cygneius
998 2126 1138 2177 heroS,
1282 2133 1338 2167 (221

186 2181 346 2220 Clausus
377 2184 416 2220 in
450 2195 662 2234 aequoreas
694 2185 964 2235 praecipiteris
997 2195 1137 2235 aquas.

41 2246 106 2277 465
129 2238 287 2278 Victima
320 2240 378 2278 vel
408 2240 565 2280 Phoebo
599 2254 728 2280 sacras
761 2243 942 2281 macteris
975 2242 1021 2281 ad
1053 2254 1163 2293 araS‚

187 2297 310 2342 Quam
342 2299 428 2337 tulit
460 2311 479 2337 a
512 2312 624 2338 saevo
657 2300 884 2339 Theudotus
916 2300 1026 2339 hoste
1059 2312 1221 2339 necem.

1079 2368 1128 2399 8*
