1601 2484
220 93 356 128 XXXII

221 205 348 250 sexta,
379 203 442 240 III
475 205 556 241 505
592 202 640 240 ad
670 203 753 239 IIII
786 204 858 251 84,
890 216 977 241 cum
1006 204 1258 252 inscriptione
1290 202 1381 240 libri
1418 202 1546 251 quarti

219 273 406 298 versuum
456 268 664 299 CCCCLXII
719 272 911 298 summam
959 261 1109 299 duobus
1159 261 1336 298 distichis
1385 260 1545 298 excedit.

220 330 266 355 ca
302 320 464 366 propter
501 317 682 355 cancellis
720 317 888 355 instruxi
925 319 1006 357 593
1047 321 1148 367 594,
1191 330 1350 367 prorsus
1387 318 1547 355 inutiles

219 378 310 423 post
341 388 375 413 v.
410 377 504 421 589,
538 387 585 412 ex
616 374 704 412 aliis
735 375 829 413 10015
854 377 1154 426 consarcinatos,
1185 388 1255 414 nec
1276 375 1546 414 emendatione

220 433 376 481 dignas3
403 435 443 470 et
462 433 544 470 IIII
573 435 623 470 11
655 434 720 481 12,
751 445 830 470 non
852 435 1090 473 necessarios
1116 436 1207 483 post
1231 447 1266 472 v.
1295 436 1333 482 3,
1360 434 1546 471 conflatos

222 503 268 527 ex
298 490 318 527 I
353 493 388 537 1,
423 493 458 538 7,
492 492 528 539 2,
560 491 718 528 cordato
750 493 867 539 poeta
897 492 1088 541 indignos,

339 548 484 593 Quinta
513 561 605 597 pars
630 549 864 598 paginarum
887 561 1028 587 novem
1053 550 1239 588 ducentos
1266 561 1402 587 versus
1427 549 1547 586 habet

220 618 243 643 a
273 606 357 643 1111
385 608 436 645 85
470 607 520 644 ad
548 608 647 645 284:
678 619 757 644 non
787 607 883 644 mihi
914 608 1093 657 dubium,
1125 608 1218 656 quin
1249 607 1442 646 distichon
1464 609 1544 644 127

222 665 303 702 128
341 664 533 702 insertum
571 665 623 703 sit
659 665 707 702 ab
747 665 894 713 aliquo,
939 665 1005 714 qui
1040 666 1208 703 nesciret
1238 666 1335 709 Nec,
1379 669 1411 703 et
1451 665 1546 703 reci·

219 722 388 770 procari,
428 718 568 772 eneque
600 723 745 761 Veneri
780 725 935 771 tempus
965 723 1092 760 ullum
1123 723 1251 771 aptius
1283 725 1386 772 erat,
1422 735 1548 771 neque

221 779 353 817 Venus
391 781 561 829 tempori
597 776 903 829 inconveniens'3
941 780 1096 818 inficeta
1126 792 1263 818 versus
1297 782 1379 819 126
1412 781 1548 829 ampli-

219 837 397 876 ficatione
426 839 535 877 locus
567 839 802 888 disperditus
836 842 906 877 est.

337 896 455 935 Sexta
497 909 588 946 pars
633 897 716 935 sola
758 898 878 935 habet
917 896 1021 945 quod
1059 896 1257 934 conciliari
1292 895 1548 933 confidentius

218 966 296 992 non
315 955 450 1003 possit,
470 967 548 992 non
567 955 902 993 dissimulandum.
947 955 1014 1003 qui
1032 955 1135 992 inter
1153 954 1235 992 IIII
1257 955 1337 992 285
1361 956 1400 992 et
1413 954 1449 990 V
1465 955 1546 992 633

219 1024 354 1050 versus
393 1015 484 1050 sunt
514 1021 719 1061 MCCCIIII,
757 1013 899 1051 additis
932 1012 1084 1050 duobus
1114 1013 1156 1049 in
1186 1012 1347 1050 titulum
1378 1011 1470 1049 libri
1501 1011 1548 1060 V,

220 1071 384 1119 paginas
404 1079 537 1109 LVIIII
569 1073 805 1120 exsuperant
835 1071 1013 1110 versibus
1041 1072 1138 1109 octo.
1213 1069 1439 1107 eliminandi
1459 1073 1550 1107 sunt

219 1128 390 1166 Bentleii
433 1131 473 1167 et
515 1130 683 1167 aliorum
725 1129 961 1167 auctoritate
1003 1141 1065 1167 vv.
1110 1130 1192 1166 273
1233 1129 1317 1165 274
1366 1140 1436 1176 pro
1486 1127 1550 1165 ad-

220 1186 436 1224 ditamento
473 1188 642 1235 novicio,
680 1187 861 1224 cancellis
897 1186 1038 1224 inclusi
1074 1198 1120 1223 ex
1156 1186 1324 1232 Heinsii,
1368 1186 1548 1233 Bentleii,

221 1244 427 1282 Schraderi
452 1245 648 1282 sententia
673 1244 709 1281 V
730 1246 782 1282 37
812 1246 885 1292 383
918 1244 986 1281 sed
1009 1255 1088 1281 non
1113 1246 1204 1281 sunt
1235 1243 1550 1291 supplementum

220 1303 382 1340 lacunae
407 1314 497 1351 pag.
519 1310 661 1340 CLVIII
687 1303 831 1340 saeculi
857 1302 993 1351 quinti,
1020 1301 1162 1351 quippe
1189 1301 1256 1350 qui
1281 1301 1551 1339 exscribantur

221 1373 244 1398 a
273 1360 482 1398 Lactantio
514 1360 674 1399 Placido
706 1360 756 1398 ad
789 1360 886 1398 Stat.
920 1360 1040 1399 Theb.
1072 1359 1108 1396 V
1140 1360 1241 1407 569,
1280 1360 1346 1408 qui
1377 1359 1550 1397 eiusdem

221 1419 308 1457 aevi
344 1419 465 1457 fuisse
503 1419 685 1457 creditur.
756 1418 923 1466 incerta,
963 1418 1107 1465 fateor,
1151 1417 1373 1455 coniectura
1410 1429 1550 1466 suppo-

221 1477 297 1514 sita
327 1477 490 1514 dixerim
521 1477 688 1514 disticha
718 1476 794 1514 duo
826 1476 908 1513 IIII
946 1477 1028 1514 853
1063 1476 1162 1523 854,
1201 1476 1284 1513 855
1318 1476 1420 1524 856,
1459 1476 1550 1524 quia

220 1535 308 1572 vale
347 1534 489 1573 dixisse
526 1535 738 1573 Romulum
772 1535 905 1582 fratri,
941 1534 1132 1571 feretrum
1167 1533 1208 1570 in
1243 1545 1338 1582 rogo
1378 1533 1551 1581 positum

220 1593 285 1630 vix
322 1594 504 1631 convenit
540 1595 631 1631 ante
673 1594 812 1630 unctos
850 1594 979 1639 artus,
1023 1591 1125 1640 quod
1167 1591 1249 1640 ipse
1292 1591 1551 1640 interpolator

221 1651 377 1699 scripsit
408 1651 498 1689 Met.
530 1650 572 1688 ΙΙ
600 1652 680 1689 626
711 1652 812 1699 627;
843 1649 947 1699 quod
973 1650 1071 1687 Tum
1097 1651 1179 1688 855
1212 1649 1453 1687 incommode
1485 1663 1551 1698 po-

223 1709 352 1758 situm,
391 1709 537 1747 Ultima
565 1711 724 1755 flamma
756 1710 837 1747 856
870 1708 1084 1746 insolenter
1116 1707 1274 1755 dictum,
1304 1710 1349 1745 ut
1374 1708 1552 1746 Plurima

220 1766 348 1805 Aetna
378 1767 500 1805 Ibidis
530 1780 567 1806 v.
589 1768 690 1816 5983
723 1767 837 1816 quod,
869 1767 902 1804 si
932 1769 1090 1815 poetam
1120 1766 1188 1803 illo
1213 1766 1297 1804 vale
1321 1768 1486 1804 venuste
1511 1769 1551 1804 et

222 1825 433 1864 efficaciter
451 1825 717 1863 narrationem
741 1825 973 1863 terminasse
998 1827 1126 1873 putes,
1150 1823 1444 1872 interpolationi
1461 1837 1549 1873 pro-

221 1883 324 1922 fecto
343 1884 451 1921 100115
471 1884 644 1932 patebat.
716 1885 914 1931 postremo
934 1883 1097 1920 tertium
1116 1882 1310 1920 distichon
1328 1884 1551 1930 suspectum

222 1942 427 1980 habuerim
458 1943 539 1980 861
575 1943 676 1990 862,
713 1941 816 1990 quod
852 1941 981 1979 nescio
1013 1940 1205 1990 quomodo
1236 1942 1375 1989 poetae
1407 1941 1551 1979 50001111

224 2001 324 2038 sexti
354 2000 480 2049 magis
512 2012 629 2049 quam
661 1999 790 2037 Ovidii
820 2000 990 2037 colorem
1021 1999 1220 2048 praeferre
1251 1998 1418 2036 videtur.

340 2058 517 2107 Septima
547 2057 674 2107 portio
706 2057 938 2107 paginarum
968 2066 1031 2095 XX
1064 2070 1087 2095 a
1116 2057 1153 2093 V
1186 2058 1269 2095 634
1302 2056 1351 2094 ad
1383 2056 1440 2094 VI
1467 2058 1549 2095 346

222 2128 358 2155 versus
384 2117 515 2164 habet,
548 2116 581 2154 51
601 2128 802 2154 0000115005
827 2115 1123 2164 inscriptionem
1147 2115 1249 2163 libri,
1271 2122 1550 2153 CCCCXLVIII:

222 2174 414 2212 decedunt
456 2178 588 2213 tamen
628 2174 706 2212 tria
749 2174 915 2212 disticha
951 2176 1041 2222 post
1079 2175 1181 2221 271,
1226 2185 1325 2222 quae
1362 2173 1551 2211 librorum

222 2233 456 2271 auctoritate
504 2233 615 2270 nulla
662 2234 838 2271 utuntur.
910 2234 1115 2281 praeterea
1159 2231 1374 2269 eiciendum
1416 2243 1551 2269 censeo

221 2290 258 2327 V
292 2292 373 2328 647
416 2292 509 2329 648.
583 2302 682 2340 nego
721 2290 806 2328 fieri
848 2290 1040 2339 potuisse,
1083 2291 1129 2327 ut
1166 2288 1327 2327 Ovidius
1369 2301 1553 2327 versuum
