1575 2489
496 117 542 149 11.
569 125 601 149 11
622 118 794 150 38—110.
1232 113 1313 154 147

161 224 241 264 Nec
272 225 380 275 vigor
413 229 472 262 est
503 223 619 262 Drusi
651 223 850 263 nobilitate
882 225 1033 263 minor.

43 291 85 323 75
106 283 212 322 Adde
246 294 369 321 nurus
400 288 616 333 neptesque
647 284 730 333 pias
762 287 950 332 natosque
983 286 1169 332 nepotum

161 340 375 391 Ceteraque
408 340 603 390 Augustae
636 339 809 378 membra
840 340 967 378 valere
1000 340 1161 391 domus3

103 399 210 438 Adde
242 397 501 448 triumphatos
532 398 647 436 modo
678 398 851 437 Paeonas
871 430 881 449 ‚
913 398 1008 437 adde
1042 399 1162 449 quieti

163 456 324 495 Subdita
356 461 561 494 montanae
594 456 750 494 brachia
782 456 1013 495 Dalmatiae.

102 515 181 554 Nec
214 514 417 565 dedignata
449 520 509 553 est
541 514 701 552 abiectis
732 514 858 565 Illyris
890 516 1008 553 armis
1259 522 1315 554 (42)

40 581 84 613 80
163 572 394 611 Caesareum
425 572 568 611 famulo
600 573 744 611 vertice
777 574 880 611 ferre
912 572 1074 624 pedem.

104 631 190 682 lpse
223 642 341 681 super
374 643 534 669 currum
565 631 715 682 placido
748 630 970 682 spectabilis
1001 642 1069 669 ore

161 689 353 740 Tempora
383 689 563 728 Phoebea
595 690 743 739 virgine
775 701 873 728 nexa
905 688 1016 728 tulit.

103 747 226 792 Quem
258 748 320 798 pia
353 747 554 786 vobiscum
585 747 715 798 proles
748 748 945 786 comitavit
976 751 1156 797 euntem,

160 805 281 856 Digna
312 812 472 856 parente
506 817 576 844 suo
608 805 909 855 nominibusque
943 804 1065 855 datis3

38 871 81 903 85
102 862 306 902 Fratribus
337 863 552 915 adsimilis,
586 875 682 914 quos
714 864 889 914 proxima
919 862 1063 913 templa
1094 863 1264 901 tenentis

160 921 278 960 Divus
310 922 357 960 ab
390 921 540 960 excelsa
571 921 692 960 Iulius
724 921 817 960 aede
848 920 973 959 videt.

102 978 169 1018 His
201 979 460 1031 Messalinus,
493 980 635 1030 quibus
667 981 795 1018 omnia
828 979 967 1018 cedere
1001 978 1167 1030 debent,

160 1037 333 1076 Primum
366 1038 533 1077 laetitiae
566 1050 643 1076 non
674 1044 790 1089 negat
821 1049 907 1076 esse
938 1037 1090 1076 locum.
1140 1035 1143 1038 ’

101 1095 297 1147 Quidquid
325 1096 370 1135 ab
396 1097 457 1135 his
489 1101 697 1147 superest,
723 1097 829 1135 venit
859 1098 899 1134 in
925 1101 1123 1135 certamen
1149 1096 1314 1134 amoris:

38 1162 82 1193 90
160 1154 240 1193 Hac
272 1154 473 1193 hominum
506 1155 601 1193 nulli
633 1161 742 1205 parte
775 1154 971 1193 secundus
1003 1155 1103 1193 erit.

101 1211 208 1251 Hanc
241 1213 341 1252 colet
372 1219 459 1251 ante
493 1213 593 1251 diem
612 1244 622 1264 ,
655 1225 750 1251 nova
783 1224 858 1264 qua
890 1212 1048 1251 decreta
1078 1213 1244 1251 merenti

160 1270 273 1309 Venit
304 1271 502 1310 honoratis
534 1271 665 1310 laurea
696 1271 810 1321 digna
842 1272 986 1309 comis.

100 1329 278 1380 Felices,
312 1329 452 1380 quibus
485 1328 535 1368 o!
585 1329 695 1368 licuit
726 1334 903 1380 spectare
935 1328 1156 1381 triumphos

159 1386 208 1426 Et
240 1387 350 1426 ducis
382 1400 448 1426 ore
481 1387 574 1426 deos
607 1389 882 1439 aequiperante
914 1388 1015 1426 frui.

37 1453 80 1485 95
101 1447 147 1484 At
181 1445 276 1484 mihi
309 1445 558 1485 Sauromatae
590 1458 661 1497 pro
695 1445 868 1484 Caesaris
901 1457 968 1484 ore
1000 1445 1156 1484 videndi

159 1503 357 1555 Terraque
390 1506 496 1555 pacis
527 1506 640 1556 inops
672 1504 852 1555 undaque
885 1505 1016 1542 iuncta
1049 1503 1159 1554 gelu.

102 1561 141 1601 Si
174 1569 301 1601 tamen
333 1562 428 1601 haec
460 1562 570 1601 audis
602 1568 641 1601 et
671 1575 743 1600 vox
776 1574 860 1600 mea
891 1564 1069 1612 pervenit
1099 1563 1218 1613 istac,

161 1620 220 1659 Sit
251 1628 317 1659 tua
349 1621 533 1659 mutando
566 1622 687 1672 gratia
719 1620 857 1659 blanda
888 1620 996 1659 loco.

102 1678 182 1717 Hoc
214 1685 324 1730 pater
355 1679 419 1717 ille
451 1685 542 1718 tuus
574 1681 698 1730 primo
730 1679 826 1717 mihi
858 1678 987 1718 cultus
1019 1678 1065 1717 ab
1098 1691 1213 1731 aevo,

17 1744 81 1776 100
161 1737 298 1788 Siquid
330 1737 447 1776 habet
477 1749 616 1776 sensus
648 1737 785 1776 umbra
818 1737 990 1789 diserta,
1021 1739 1142 1788 petit.

101 1794 181 1834 Hoc
213 1797 309 1846 petit
341 1802 380 1834 et
411 1797 553 1835 frater.
610 1797 783 1847 quamvis
815 1796 980 1834 sortasse
1012 1801 1193 1847 veretur,
1255 1804 1311 1835 (43)

160 1853 346 1892 Servandi
378 1861 516 1893 noceat
547 1867 595 1893 ne
628 1853 698 1893 tibi
730 1866 823 1892 cura
855 1855 954 1892 mei.

102 1911 196 1950 Tota
228 1912 365 1951 domus
398 1919 508 1963 rogat
538 1912 635 1952 hoc.
697 1925 768 1951 nec
800 1919 843 1951 tu
874 1919 985 1964 potes
1017 1914 1101 1963 ipse
1134 1924 1274 1964 negare

158 1969 208 2009 Et
238 1983 307 2009 nos
340 1972 378 2009 in
411 1971 548 2010 turbae
580 1976 690 2022 parte
722 1971 843 2009 fuisse
876 1977 988 2010 tuae.

18 2036 80 2067 105
102 2028 248 2079 Ingenii
281 2036 415 2080 certe,
449 2042 524 2080 quo
557 2041 628 2068 nos
660 2029 757 2068 male
791 2030 984 2067 sensimus
1017 2041 1136 2082 usos,

159 2086 317 2126 Artibus
349 2090 519 2139 exceptis
539 2119 550 2140 ,
582 2100 696 2139 saepe
728 2087 913 2138 probator
946 2099 1054 2126 eras.

102 2144 180 2184 Nec
211 2157 325 2198 mea,
357 2148 389 2184 si
421 2153 570 2185 tantum
602 2152 760 2197 peccata
792 2147 999 2184 novissima
1032 2146 1185 2199 demas,

159 2202 254 2242 Esse
287 2210 415 2255 potest
447 2205 579 2243 domui
611 2206 686 2243 vita
717 2204 896 2255 pudenda
929 2210 1042 2243 tuae.

104 2261 165 2300 Sic
197 2263 315 2312 igitur
347 2270 496 2302 vestrae
529 2265 682 2314 vigeant
713 2262 925 2313 penetralia
957 2264 1107 2315 gentis,

20 2326 82 2357 110
162 2319 339 2371 Curaque
372 2323 422 2360 sit
454 2323 605 2373 superis
639 2320 947 2372 Caesaribusque
981 2322 1060 2360 tui:

1033 2386 1102 2421 10*
