1575 2489
172 76 259 119 254
713 77 966 111 FAsTORUM

349 185 488 225 Sectus
518 184 681 224 humum
712 186 794 224 rivo
827 185 913 224 lene
946 186 1118 224 sonantis
1150 197 1292 236 aquae.

203 251 269 283 705
289 243 374 282 Illic.
402 243 637 293 Tarquinius
669 243 847 281 mandata
877 243 1035 282 latentia
1065 245 1144 282 nati

350 301 529 351 Accipit,
561 306 601 339 et
632 301 737 352 virga
768 300 846 339 lilia
878 312 1026 339 summa
1057 302 1189 340 metit.

289 358 458 397 Nuntius
489 363 534 396 ut
564 358 708 409 rediit,
739 357 980 408 decussaque
1011 358 1088 397 lilia
1120 358 1238 410 dixit,

347 415 468 454 Filius
499 411 690 466 ‘agnosco
722 417 827 454 iussa
857 413 1051 467 parentis'
1085 418 1160 455 ait.

288 473 368 512 Nec
400 485 506 512 mora
526 504 536 524 ,
568 473 811 524 principibus
843 475 965 512 caesis
997 486 1044 513 ex
1074 473 1172 513 urbe
1205 473 1372 525 Gabina,

203 540 270 571 710
348 531 574 570 Traduntur
605 531 770 570 ducibus
801 533 952 570 moenia
983 531 1087 570 nuda
1118 533 1221 571 suis.

289 588 390 628 Ecce
409 620 420 640 ,
451 590 560 628 nefas
592 590 674 628 visu
696 620 706 640 ,
738 589 876 628 mediis
908 589 1092 628 altaribus
1124 592 1260 640 anguis

347 647 465 698 Exit,
499 653 537 685 et
569 649 750 686 extinctis
781 646 936 698 ignibus
968 653 1054 686 exta
1085 649 1208 698 rapit.

290 705 515 744 Consulitur
546 704 756 744 Phoebus.
813 716 898 743 sors
930 711 990 744 est
1019 707 1072 744 ita
1103 705 1281 756 reddita,
1314 702 1450 744 ‘matri

349 763 423 809 Qui
455 762 607 802 dederit
636 765 819 814 princeps
851 763 1011 814 oscula,
1043 764 1166 801 victor
1199 765 1270 802 erit
1287 760 1311 802 .'

202 829 269 861 715
290 820 431 860 Oscula
463 822 628 872 quisque
659 833 752 860 suae
784 823 897 860 matri
929 827 1134 872 properata
1164 820 1363 871 tulerunt,

346 878 432 918 Non
463 879 659 918 intellecto
693 879 849 918 credula
880 878 995 918 turba
1027 879 1121 918 deo.

288 936 434 976 Brutus
466 943 549 976 erat
580 936 689 976 stulti
720 939 872 988 sapiens
905 938 1104 989 imitator,
1136 943 1180 976 ut
1210 943 1314 976 esset

347 995 472 1034 Tutus
505 994 551 1034 ab
584 994 764 1047 insidiis,
795 996 878 1034 dire
912 994 1087 1046 Superbe
1108 1027 1118 1045 ,
1150 996 1251 1034 tuis.

289 1052 354 1091 llle
386 1055 516 1092 iacens
548 1065 696 1104 pronus
727 1055 842 1092 matri
873 1053 979 1091 dedit
1010 1053 1142 1092 oscula
1173 1052 1340 1102 Terrae,

202 1118 268 1150 720
346 1110 526 1149 Creditus
558 1112 705 1149 offenso
738 1110 994 1162 procubuisse
1025 1111 1145 1161 pede.

289 1168 465 1219 Cingitur
496 1170 645 1207 interea
677 1168 859 1207 Romanis
890 1168 1015 1207 Ardea
1047 1169 1191 1219 signis,

348 1225 398 1265 Et
428 1228 573 1278 patitur
605 1226 728 1265 lentas
760 1226 961 1265 obsidione
992 1238 1142 1265 moras.

288 1284 387 1323 Dum
419 1291 555 1336 vacat,
588 1291 627 1324 et
657 1290 838 1324 metuunt
867 1284 1000 1324 hostes
1032 1285 1274 1323 committere
1305 1296 1494 1337 pugnam,

348 1343 512 1382 Luditur
543 1346 584 1382 in
617 1344 783 1393 castris,
815 1343 893 1381 otia
924 1343 1033 1381 miles
1066 1344 1164 1394 agit.

202 1408 269 1439 725
290 1401 525 1452 Tarquinius
556 1403 707 1440 iuvenis
740 1402 866 1440 socios
898 1400 1139 1452 dapibusque
1171 1411 1357 1452 meroque

348 1461 525 1511 Accipit.
582 1471 628 1498 ex
659 1459 735 1498 illis
766 1471 858 1510 rege
891 1465 1044 1498 creatus
1077 1461 1152 1498 ait:

290 1514 408 1556 ‘Dum
442 1530 512 1556 nos
545 1517 712 1556 difficilis
744 1519 853 1568 pigro
886 1522 995 1556 tenet
1025 1517 1150 1556 Ardea
1181 1516 1281 1555 bello
1301 1547 1311 1567 ‚

347 1575 426 1614 Nec
459 1577 550 1614 sinit
582 1575 627 1614 ad
659 1577 805 1626 patrios
837 1586 942 1614 arma
973 1576 1122 1614 referre
1154 1574 1270 1625 deos,

290 1633 439 1684 Ecquid
471 1635 510 1672 in
543 1634 669 1672 officio
701 1639 811 1672 torus
844 1638 903 1672 est
934 1632 1086 1671 socialis
1105 1630 1126 1671 i>
1171 1639 1210 1672 et
1242 1632 1379 1683 ecquid

202 1700 268 1732 730
349 1691 586 1743 Coniugibus
619 1693 762 1730 nostris
794 1696 928 1730 mutua
961 1703 1053 1730 cura
1087 1687 1275 1730 sumus‘?'

290 1751 462 1801 Quisque
495 1761 604 1789 suam
636 1749 794 1789 laudat.
851 1748 989 1788 studiis
1021 1751 1231 1788 certamina
1263 1754 1466 1799 crescunt,

347 1808 396 1847 Et
427 1809 578 1847 fervent
610 1807 730 1847 multo
762 1807 970 1859 linguaque
1003 1819 1148 1858 corque
1179 1819 1311 1847 mero·

290 1867 451 1918 Surgit,
484 1868 547 1906 cui
579 1866 739 1905 dederat
770 1866 917 1905 clarum
949 1865 1106 1905 Collatia
1138 1877 1303 1904 nomen:

348 1922 454 1964 ‘Non
487 1937 584 1975 opus
616 1930 676 1963 est
707 1923 835 1963 verbis
854 1956 864 1976 ‚
897 1924 1044 1963 credite
1075 1923 1192 1962 rebus
1214 1920 1243 1961 1’
1275 1924 1350 1962 ait.

202 1991 270 2024 735
290 1980 395 2023 ‘Nox
428 1989 635 2035 superest.
692 1981 871 2022 tollamur
904 1983 1044 2034 equis,
1078 1981 1299 2033 Urbemque

1012 2037 1231 2091 petamusl'

347 2100 455 2139 Dicta
487 2099 668 2151 placent,
700 2099 820 2138 frenis
852 2098 1105 2150 inpediuntur
1137 2099 1249 2149 equi.

290 2158 536 2197 Pertulerant
567 2159 772 2197 dominos.
828 2157 970 2208 regalia
1001 2158 1179 2208 protinus
1211 2155 1265 2194 illi

348 2217 465 2256 Tecta
496 2222 663 2268 petunt:
707 2222 838 2256 custos
869 2217 910 2254 in
941 2215 1024 2254 sore
1055 2214 1185 2254 nullus
1218 2220 1321 2254 erat:

289 2274 389 2314 Ecce
423 2287 546 2314 nurus
577 2276 680 2326 regis
714 2275 809 2313 susis
840 2285 910 2326 per
943 2273 1038 2312 colla
1071 2273 1224 2312 coronis
