1601 2484
499 68 528 100 Ι.
554 76 632 101 vln
651 70 837 101 36-—vn11
859 69 912 101 13.
1328 65 1380 106 17

100 184 144 215 30
165 175 369 225 Temporis
400 180 440 213 et
471 174 574 225 longi
605 176 763 213 iunctus
795 186 925 213 amore
957 172 1063 213 tihi?

164 233 262 278 Quid
283 264 294 284 ‚
326 234 402 270 nisi
433 238 490 271 tot
521 232 630 271 lusus
663 238 701 271 et
732 238 790 271 tot
821 245 906 271 mea
938 234 1039 271 seria
1072 244 1235 284 nosses,

163 291 237 330 Tot
268 302 426 329 nossem
457 290 567 329 lusus
599 292 778 341 seriaque
810 292 893 342 ipse
926 289 1025 329 tua?

163 349 264 394 Quid
284 380 294 400 ‚
327 350 360 387 si
391 349 591 387 dumtaxat
622 348 767 387 Romae
800 348 870 387 tibi
903 350 1081 399 cognitus
1113 361 1265 400 essem,

163 408 316 445 Ascitus
348 408 492 445 totiens
524 408 563 444 in
596 418 721 456 genus
754 419 867 445 omne
899 405 1012 445 loci?

98 473 143 504 35
164 465 361 503 Cunctane
394 466 435 502 in
466 476 682 515 aequoreos
715 464 896 503 abierunt
926 467 1036 503 irrita
1069 462 1241 504 ventos?

165 523 361 561 Cunctane
393 522 573 561 Lethaeis
606 534 733 560 mersa
765 523 946 561 seruntur
978 520 1121 572 aquis?

163 580 248 619 Non
281 593 351 631 ego
383 586 422 619 te
450 581 623 630 genitum
656 580 804 630 placida
841 593 932 618 reor
964 580 1059 618 urbe
1095 579 1271 631 Quirini,

164 639 267 677 Urbe
300 651 415 690 mea,
448 651 544 689 quae
577 643 653 676 iam
686 651 763 676 non
795 638 971 676 adeunda
1004 637 1120 689 mihi,

165 697 240 735 Sed
274 697 444 747 scopulis
464 728 474 747 ‚
506 698 615 747 ponti
648 708 745 746 quos
774 696 869 734 haec
900 695 1018 733 habet
1049 708 1116 733 ora
1148 697 1322 748 sinistri,

98 763 143 794 40
164 755 284 806 Inque
318 756 411 793 seris
445 755 625 805 Scythiae
659 754 960 803 Sarmaticisque
992 755 1116 804 iugis,

164 813 213 852 Et
244 819 309 851 tua
342 818 433 851 sunt
465 813 584 851 silicis
617 813 765 850 circum
799 811 1025 862 praecordia
1059 823 1204 864 venae,

162 871 211 909 Et
242 872 411 921 rigidum
444 871 538 909 ferri
570 871 716 908 semina
749 876 886 920 pectus
918 869 1055 920 habet,

164 929 349 979 Quaeque
382 928 454 966 tibi
484 934 620 967 tenero
654 928 848 978 quondam
881 928 1057 966 ducenda
1089 928 1215 978 palato

164 987 283 1026 Plena
314 986 421 1025 dedit
452 988 584 1025 nutrix
615 985 737 1024 ubera
756 1017 767 1038 ‚
799 987 910 1036 tigris
943 992 1049 1024 erat:

98 1054 141 1084 45
162 1046 237 1084 Aut
262 1044 359 1083 mala
391 1050 524 1083 nostra
551 1046 701 1096 minus,
733 1056 849 1094 quam
880 1056 1010 1096 nunc,
1041 1044 1165 1082 aliena
1197 1050 1380 1097 putares,

164 1104 413 1153 Duritiaeque
446 1102 541 1141 mihi
571 1114 649 1140 non
682 1114 840 1153 agerere
874 1114 991 1141 reus.

165 1161 240 1199 Sed
274 1163 454 1211 quoniam
488 1160 638 1199 accedit
670 1160 849 1199 fatalibus
881 1161 955 1199 hoc
988 1172 1143 1211 quoque
1176 1160 1350 1212 damnis,

166 1219 216 1257 Ut
248 1225 403 1257 careant
436 1220 609 1256 numeris
641 1224 818 1269 tempora
849 1220 974 1269 prima
1006 1220 1110 1270 suis,

166 1277 309 1328 Effice,
341 1278 491 1327 peccati
523 1288 571 1314 ne
604 1277 677 1314 sim
710 1289 859 1314 memor
890 1277 1006 1315 huius
1025 1308 1036 1328 ,
1068 1283 1106 1315 et
1138 1276 1201 1315 illo

102 1343 145 1374 50
168 1335 348 1373 Officium
379 1334 534 1373 laudem
553 1364 564 1386 ‚
598 1346 673 1385 quo
707 1347 881 1387 queror,
912 1347 979 1373 ore
1012 1342 1133 1373 tuum.

630 1461 778 1507 VIIII.

162 1568 288 1605 Detur
319 1566 509 1604 inoffenso
541 1567 641 1604 vitae
673 1565 746 1604 tibi
777 1572 934 1617 tangere
967 1572 1108 1605 metam
1127 1598 1138 1619 ,

164 1625 239 1670 Qui
270 1624 366 1675 legis
399 1624 471 1662 hoc
504 1624 616 1662 nobis
647 1636 726 1662 non
757 1626 938 1663 inimicus
971 1637 1094 1676 opus.

162 1685 286 1733 Atque
319 1684 467 1721 utinam
499 1694 569 1733 pro
602 1687 640 1721 te
672 1688 833 1733 possent
863 1695 948 1721 mea
980 1689 1066 1722 vota
1098 1683 1250 1736 valere,

164 1741 269 1786 Quae
301 1753 372 1792 pro
404 1753 465 1779 me
498 1741 616 1779 duros
649 1753 725 1779 non
760 1743 922 1792 tetigere
955 1740 1071 1780 deos!

121 1807 142 1838 5
163 1799 294 1837 Donec
325 1800 403 1837 eris
436 1811 599 1850 sospes,
633 1799 774 1838 multos
807 1800 1030 1838 numerabis
1063 1802 1231 1840 amicos:

163 1857 356 1907 Tempora
388 1858 421 1895 si
453 1857 599 1895 fuerint
631 1857 790 1909 nubila,
824 1858 929 1897 solus
963 1860 1062 1897 eris.

161 1916 311 1966 Aspicis
331 1947 341 1966 ‚
374 1920 418 1953 ut
448 1917 604 1954 veniant
635 1916 681 1954 ad
715 1916 874 1955 candida
907 1923 1008 1955 tecta
1040 1917 1264 1970 columbae,

161 1975 333 2024 Accipiat
365 1973 490 2012 nullas
522 1974 678 2012 sordida
709 1977 829 2013 turris
862 1973 985 2013 aves?

160 2032 309 2070 Horrea
341 2032 525 2071 formicae
558 2033 724 2072 tendunt
755 2034 801 2071 ad
834 2035 961 2072 inania
994 2045 1229 2084 numquam:

100 2099 142 2129 10
163 2090 299 2128 Nullus
332 2091 378 2129 ad
410 2092 571 2129 amissas
603 2091 675 2130 ibit
707 2094 853 2130 amicus
886 2105 1002 2143 opes.

160 2148 288 2199 thue
321 2161 450 2187 comes
483 2149 611 2188 radios
642 2162 713 2201 per
745 2151 836 2189 solis
870 2150 1053 2189 cuntibus
1085 2151 1223 2190 umbra
1255 2158 1338 2204 est,

161 2207 257 2245 Cum
290 2207 382 2246 latet
413 2207 475 2246 hic
508 2220 668 2259 pressus
700 2209 900 2260 nubibus,
932 2209 995 2246 illa
1028 2209 1150 2262 sugit,

160 2265 299 2304 Mobile
333 2267 388 2304 sic
421 2268 599 2317 sequitur
631 2267 825 2306 Fortunae
859 2267 1003 2306 lumina
1034 2268 1197 2319 vulgus:

114 2337 220 2364 ovn).
257 2338 315 2364 111.
1143 2338 1162 2368 2
