1575 2489
237 45 322 85 302
770 44 1024 76 PASTORUM

419 173 481 214 15.
514 172 552 213 A
578 171 995 213 FORD-N2LVD1
1060 172 1123 212 16.
1157 171 1240 212 BN
1261 184 1391 212 LVDI

355 258 485 305 Tertia
516 273 603 317 post
634 265 795 304 Veneris
829 278 917 304 cum
948 266 1013 304 lux
1046 268 1260 306 surrexerit
1292 267 1406 318 Idus,

268 335 333 364 630
414 325 650 375 Pontifices,
683 324 791 361 forda
824 336 932 362 sacra
964 324 1068 362 litate
1100 324 1219 363 hove.

355 383 480 420 Forda
513 382 645 420 ferens
676 381 746 420 bos
780 388 839 419 est
870 382 1111 432 fecundaque
1131 414 1141 433 ‚
1173 382 1274 421 dicta
1306 382 1489 421 ferendo:

413 440 511 478 Hinc
544 441 657 478 etiam
690 440 792 478 fetus
825 451 966 478 nomen
997 440 1140 478 habere
1172 446 1330 490 putant.

354 498 467 537 Nunc
499 497 700 548 gravidum
731 509 852 548 pecus
885 503 972 549 est,
1003 498 1180 548 gravidae
1214 510 1316 537 nunc
1349 500 1495 536 semine

1077 562 1227 595 terrae:

413 613 560 652 Telluri
592 613 727 664 plenae
760 614 914 651 victima
946 613 1057 663 plena
1083 613 1217 652 datur.

266 680 333 712 635
354 671 448 710 Pars
482 672 582 710 eadit
614 683 702 710 arce
736 670 862 722 lovis,
895 678 954 709 ter
986 671 1103 709 denas
1136 673 1243 710 curia
1275 683 1408 710 vaccas

413 731 591 780 Accipit,
625 735 663 768 et
693 729 799 780 largo
833 741 964 780 sparsa
997 741 1136 768 cruore
1170 729 1318 768 madet.

354 789 423 826 Ast
454 788 521 826 ubi
553 787 766 826 visceribus
800 787 940 825 vitulos
972 799 1137 837 rapuere
1170 789 1361 838 ministri,

416 845 606 896 Sectaque
640 846 802 884 fumosis
834 852 919 884 exta
952 846 1093 884 dedere
1126 847 1245 895 focis,

354 904 446 954 Igne
479 911 626 942 cremat
657 903 796 942 vitulos
830 916 927 954 quae
961 910 1052 942 natu
1084 905 1248 942 maxima
1281 902 1419 954 Virgo,

268 970 334 1001 640
414 962 517 1000 Luce
550 962 649 1000 Palis
680 961 844 1012 populos
876 967 1016 1012 purget
1049 968 1090 1000 ut
1121 962 1183 1000 ille
1217 963 1336 1000 cinis.

355 1019 456 1069 Rege
490 1020 642 1071 Numa,
675 1021 804 1058 fructu
837 1031 912 1057 non
946 1019 1206 1070 respondente
1239 1019 1388 1070 labori,

414 1077 532 1115 Inrita
565 1078 717 1128 decepti
749 1083 835 1115 vota
867 1076 1029 1115 colentis
1062 1083 1198 1115 erant.

355 1135 448 1173 Nam
482 1135 594 1173 modo
628 1137 755 1173 siccus
788 1140 870 1173 erat
901 1134 1036 1184 gelidis
1069 1134 1312 1185 aquilonibus
1345 1146 1491 1185 annus,

412 1193 522 1231 Nunc
556 1205 646 1243 ager
678 1192 832 1231 assidua
863 1192 1082 1231 luxuriabat
1113 1205 1232 1242 aqua.

268 1260 334 1291 645
357 1251 478 1301 Saepe
511 1251 628 1289 Ceres
661 1252 796 1302 primis
829 1250 1027 1289 dominum
1059 1250 1213 1289 fallebat
1243 1252 1283 1289 in
1315 1250 1471 1302 herbis,

413 1309 461 1348 Et
493 1309 587 1348 levis
620 1309 777 1355 obsesso
811 1308 936 1347 stabat
967 1321 1085 1347 avena
1117 1309 1221 1361 solo,

355 1367 403 1405 Et
436 1380 556 1418 pecus
589 1374 676 1406 ante
709 1367 811 1405 diem
843 1374 977 1418 partus
1009 1367 1147 1405 edebat
1178 1366 1362 1418 acerbos,

412 1426 596 1476 Agnaque
630 1426 822 1463 nascendo
855 1437 968 1476 saepe
1002 1425 1162 1463 necabat
1193 1437 1326 1463 ovem.

357 1483 455 1521 Silva
489 1490 598 1522 vetus
633 1483 812 1533 nullaque
846 1483 911 1521 diu
947 1483 1080 1521 violata
1113 1485 1242 1521 securi

269 1549 334 1580 650
415 1541 576 1592 Stabat,
607 1541 792 1579 Maenalio
825 1553 933 1579 sacra
966 1541 1099 1579 relicta
1132 1541 1225 1579 deo.

354 1599 420 1637 Ille
454 1599 567 1637 dabat
599 1601 724 1637 tacitis
756 1600 882 1637 animo
914 1611 1100 1650 responsa
1133 1601 1263 1649 quieto

413 1657 629 1696 Noctibus.
686 1657 747 1695 hic
779 1658 951 1707 geminas
984 1669 1052 1695 rex
1083 1656 1207 1695 Numa
1240 1662 1380 1695 mactat
1411 1668 1524 1694 oves.

354 1714 481 1753 Prima
513 1715 614 1754 cadit
646 1714 806 1765 Fauno,
838 1715 915 1753 leni
947 1715 1048 1753 cadit
1080 1714 1198 1753 altera
1233 1714 1398 1753 Somno:

415 1773 610 1812 Sternitur
642 1775 681 1811 in
714 1773 810 1811 duro
845 1772 966 1810 vellus
1000 1778 1207 1823 utrumque
1241 1773 1344 1811 solo.

268 1840 333 1870 655
354 1831 418 1869 Bis
451 1838 566 1882 caput
597 1833 794 1869 intonsum
826 1831 982 1868 fontana
1013 1833 1208 1882 spargitur
1242 1830 1366 1881 unda,

412 1889 476 1927 Bis
509 1901 577 1927 sua
611 1889 758 1940 faginea
790 1896 964 1940 tempora
996 1889 1132 1927 fronde
1163 1890 1326 1939 premit.

356 1947 455 1986 Usus
488 1947 597 1986 abest
629 1946 818 1998 Veneris,
850 1959 921 1985 nec
953 1947 1009 1985 fas
1041 1947 1215 1985 animalia
1249 1948 1392 1986 mensis

413 2005 593 2056 Ponere,
626 2017 697 2043 nec
730 2005 859 2055 digitis
892 2005 1029 2043 anulus
1063 2004 1163 2043 ullus
1194 2006 1318 2043 inest.

355 2062 468 2102 Veste
502 2063 589 2102 rudi
621 2069 748 2101 tectus
781 2075 897 2113 supra
929 2074 1025 2100 nova
1057 2062 1198 2101 vellera
1230 2075 1372 2113 corpus

269 2129 334 2159 660
414 2121 557 2173 Ponit,
589 2121 746 2159 adorato
777 2133 848 2172 per
880 2133 949 2159 sua
979 2120 1096 2158 verba
1128 2120 1225 2159 deo.

356 2178 508 2217 Interea
541 2179 729 2230 placidam
762 2179 939 2217 redimita
970 2190 1159 2229 papavere
1192 2180 1360 2217 frontem

414 2237 496 2275 Nox
530 2239 662 2289 venit,
696 2243 734 2276 et
766 2249 898 2276 secum
931 2238 1078 2275 somnia
1110 2238 1218 2289 nigra
1250 2237 1390 2276 trahit.
