1575 2489
186 69 267 110 106
769 69 911 101 IBIDIS

299 177 410 216 Nulla
443 188 550 215 mora
581 181 641 214 est
671 177 710 214 in
743 188 832 214 me:
864 187 1045 226 peragam
1077 181 1158 214 rata
1184 179 1270 212 vota
1303 172 1507 212 sacerdos.

362 235 546 284 Quisquis
578 233 667 271 ades
701 235 820 272 sacris
840 265 850 284 ,
882 245 950 271 ore
981 234 1105 271 favete
1124 264 1134 284 ‚
1166 233 1285 282 meis;

303 292 486 342 Quisquis
519 291 609 329 ades
642 292 761 329 sacris
782 321 792 341 ,
824 290 1002 341 lugubria
1034 291 1149 329 dicite
1181 288 1321 340 verba,
1572 240 1575 338 l

216 357 282 390 100
361 349 410 387 Et
440 349 533 387 ssetu
565 348 727 387 madidis
759 348 843 386 Ibin
875 348 975 387 adite
1009 349 1140 398 genis:

304 406 585 457 Ominibusque
617 407 726 445 malis
757 405 999 456 pedibusque
1031 406 1226 444 occurrite
1257 403 1397 454 laevis,

361 465 410 503 Et
442 467 574 515 nigrae
606 470 732 503 vestes
765 476 928 514 corpora
960 469 1087 501 vestra
1118 461 1270 512 tegant!

303 523 362 561 Tu
395 534 579 574 quoque,
612 522 704 572 quid
737 521 889 560 dubitas
921 521 1061 559 ferales
1093 532 1248 559 sumere
1279 516 1427 558 vittas?

360 580 439 618 Iam
471 586 573 631 stat,
606 586 650 618 ut
680 582 763 630 ipse
794 579 929 631 vides,
962 579 1110 617 funeris
1142 590 1206 616 ara
1238 579 1320 616 tui.

220 646 283 678 105
304 638 447 689 Pompa
479 643 610 688 parata
642 637 712 676 tibi
745 643 830 676 est.
882 639 980 675 votis
1012 647 1119 674 mora
1150 634 1328 674 tristibus
1361 633 1482 673 absit:

362 696 416 734 Da
446 696 621 746 iugulum
654 695 789 734 cultris
808 727 818 746 ,
849 695 974 733 hostia
1006 694 1117 744 dira,
1148 695 1267 731 meis,

304 753 425 792 Terra
457 754 526 792 tihi
558 755 689 803 fruges
708 785 718 805 ‚
751 754 873 791 amnis
904 752 976 791 tibi
1008 752 1172 802 deneget
1203 750 1348 789 undas.

362 812 535 862 Deneget
567 812 716 850 asssatus
749 817 887 849 ventus
919 816 958 849 et
990 822 1083 848 aura
1116 821 1233 847 suos.

303 869 382 908 Nec
414 870 485 908 tibi
516 869 572 907 sol
605 869 780 920 calidus,
813 881 884 907 nec
916 870 966 907 sit
997 868 1067 906 tibi
1098 866 1224 905 lucida
1255 865 1432 916 Phoebe,
1477 866 1514 900 (6)

221 936 286 967 110
364 928 588 966 Destituant
620 927 753 965 oculos
785 927 911 965 sidera
944 926 1044 964 clara
1076 931 1186 963 tuos.

304 985 384 1024 Nec
417 997 457 1024 se
491 985 713 1036 Vulcanus,
746 997 817 1023 nec
851 997 891 1023 se
924 983 994 1022 tibi
1024 982 1207 1034 praebeat
1238 986 1328 1034 aer,

364 1043 444 1082 Nec
476 1043 546 1081 tibi
578 1043 643 1081 det
673 1043 788 1081 tellus
820 1055 893 1080 nec
924 1041 995 1080 tibi
1026 1047 1168 1091 pontus
1200 1042 1297 1078 iter.

306 1100 434 1152 Exul,
465 1103 578 1151 inops
611 1113 719 1139 erres
738 1132 748 1152 ‚
780 1101 980 1150 alienaque
1012 1098 1144 1136 limina
1175 1098 1342 1149 lustres,

364 1159 635 1209 Exiguumque
668 1164 776 1209 petas
808 1170 875 1195 ore
908 1162 1099 1195 tremente
1132 1155 1285 1194 cibum.

222 1225 287 1256 115
307 1217 386 1255 Nec
420 1228 562 1267 corpus
595 1216 788 1267 queruIO,
819 1227 891 1254 nec
929 1226 1038 1253 mens
1075 1220 1185 1252 vacet
1216 1225 1329 1264 aegra
1360 1212 1516 1264 dolore,

366 1274 526 1324 Noxque
559 1274 619 1312 die
652 1275 804 1324 gravior
836 1275 886 1311 sit
916 1272 987 1311 tibi
1005 1303 1015 1324 ‚
1047 1278 1160 1310 nocte
1192 1271 1298 1310 dies.

310 1333 449 1383 Sisque
481 1333 600 1370 miser
633 1344 785 1382 semper
804 1363 814 1383 ‚
846 1343 917 1369 nec
950 1332 1002 1369 sis
1035 1328 1266 1368 miserabilis
1297 1328 1388 1368 ulli:

368 1390 539 1429 Gaudeat
572 1390 742 1428 adversis
775 1390 915 1427 femina
947 1390 1082 1438 virque
1114 1389 1214 1426 tuis.

309 1449 476 1488 Accedat
507 1448 676 1486 lacrimis
709 1447 839 1485 odium
859 1478 869 1498 ‚
901 1447 1118 1496 dignusque
1150 1446 1324 1496 puteris,

224 1515 288 1546 120
369 1507 444 1552 Qui
475 1506 572 1544 mala
605 1517 692 1544 cum
725 1505 860 1543 tuleris
892 1504 1086 1554 plurima,
1118 1503 1229 1553 plura
1261 1503 1384 1540 feras.

311 1564 445 1614 Sitque
465 1595 475 1615 ⁷
509 1563 610 1614 quod
645 1570 703 1601 est
736 1575 866 1601 rarum
886 1593 896 1612 ‚
929 1562 1040 1599 solito
1074 1561 1225 1599 defecta
1255 1561 1384 1598 favore

368 1622 562 1660 Fortunae
595 1622 712 1659 facies
744 1620 931 1659 invidiosa
962 1626 1075 1658 tuae.

310 1680 510 1730 Causaque
543 1692 621 1717 non
653 1679 782 1730 desit,
815 1678 914 1716 desit
945 1677 1016 1716 tibi
1048 1678 1157 1727 copia
1188 1677 1349 1715 mortis:

369 1738 547 1789 Optatam
579 1738 700 1787 fugiat
731 1738 806 1775 vita
839 1741 969 1774 coacta
1001 1747 1160 1773 necem:

226 1804 290 1835 125
311 1795 575 1846 Luctatusque
609 1796 675 1833 dIu
707 1796 900 1833 cruciatos
934 1795 1093 1844 spiritus
1126 1797 1234 1831 artus

369 1854 558 1905 Deserat,
590 1858 628 1891 et
659 1853 770 1903 longa
802 1858 982 1902 torqueat
1013 1857 1100 1890 ante
1132 1862 1262 1889 mora.

310 1911 527 1951 Evenient.
579 1911 684 1949 dedit
714 1913 796 1960 ipse
829 1909 923 1948 mihi
955 1909 1068 1947 modo
1101 1910 1207 1959 signa
1240 1908 1362 1946 futuri

370 1969 580 2021 Phoebus,
613 1975 651 2007 et
682 1981 702 2007 a
733 1968 837 2006 laeva
869 1974 1013 2006 maesta
1044 1966 1183 2005 volavit
1215 1968 1316 2004 avis.

313 2027 426 2066 Certe
458 2039 528 2078 ego
548 2059 558 2079 ‚
591 2039 687 2078 quae
721 2039 836 2064 voveo
855 2058 866 2077 ,
898 2037 1061 2076 superos
1094 2030 1246 2062 motura
1277 2023 1434 2074 putabo,

227 2094 291 2125 130
372 2085 546 2136 [Speque
578 2091 666 2124 tuae
699 2086 863 2135 mortis,
896 2083 1041 2134 perfide
1061 2114 1071 2134 ‚
1098 2094 1251 2134 semper
1283 2081 1387 2120 alar.

313 2143 362 2183 Et
393 2145 501 2195 prius
533 2143 632 2181 hanc
665 2144 828 2181 animam
848 2173 858 2192 ‚
891 2142 1053 2179 nimium
1089 2140 1161 2178 tibi
1193 2152 1306 2190 saepe
1337 2140 1519 2190 petitam,

371 2202 532 2240 Auferet
562 2201 626 2239 illa
658 2201 768 2251 dies,
801 2211 897 2250 quae
930 2198 1025 2237 mihi
1057 2210 1142 2236 sera
1174 2199 1278 2236 venit
1290 2197 1318 2249 ,]

315 2259 436 2304 Quam
463 2259 572 2297 dolor
603 2259 665 2297 hic
693 2269 875 2309 umquam
900 2258 1023 2308 spatio
1051 2268 1280 2295 evanescere
1307 2256 1452 2307 possit,
1482 2255 1519 2288 (⁷)

1573 400 1575 421 l
