1575 2489
220 82 305 124 352
757 83 1010 116 FASTORCM

393 191 564 241 Potaque
597 203 638 229 se
669 190 792 228 Tibur
823 190 939 228 turba
969 190 1098 229 redire
1130 196 1263 241 putat.

334 249 491 299 Iamque
523 260 593 299 per
623 247 816 298 Esquilias
841 248 1052 286 Romanam
1083 249 1294 288 intraverat
1325 249 1485 301 urbem,

394 306 442 344 Et
474 318 585 344 mane
617 307 657 343 in
689 306 814 344 medio
846 305 1018 355 plaustra
1049 306 1159 344 fuere
1191 307 1297 346 foro.

249 372 314 404 685
335 364 536 415 Plautius,
569 369 613 402 ut
644 369 777 414 posset
809 365 937 413 specie
970 376 1211 414 numeroque
1244 372 1419 403 senatum

393 421 541 460 Fallere
560 453 570 473 ,
602 423 781 472 personis
812 422 978 472 imperat
1009 433 1075 459 ora
1107 423 1207 473 tegi,

335 479 609 530 Admiscetque
641 479 734 517 alios
753 511 763 531 ,
797 485 862 531 et,
894 484 938 518 ut
967 479 1072 518 hunc
1103 479 1262 518 tibicina
1294 486 1448 519 coetum

393 538 568 589 Augeat,
600 538 640 575 in
672 537 796 588 longis
828 537 1000 576 vestibus
1033 549 1118 576 esse
1150 537 1279 589 iubet3

338 595 401 634 Sic
433 595 598 633 reduces
629 594 728 633 bene
760 606 875 646 posse
906 597 1014 646 tegi,
1046 607 1094 633 ne
1127 596 1225 634 sorte
1258 602 1443 635 notentur

249 663 314 693 690
395 653 537 692 Contra
568 652 735 704 collegae
767 655 872 692 iussa
902 653 1050 691 redisse
1083 654 1164 692 sui.

335 711 412 750 Res
443 711 615 762 placuit,
649 711 834 761 cultuque
867 723 964 749 novo
997 711 1091 749 libet
1121 710 1252 749 [dibus
1284 713 1342 750 uti

392 769 442 808 Et
473 781 612 807 canere
645 769 690 807 ad
722 775 874 807 veteres
907 768 1022 807 verba
1053 770 1181 807 iocosa
1213 766 1392 807 modos.'

334 827 438 866 Haec
470 827 538 865 ubi
569 827 800 878 perdocuit,
833 823 1035 878 esuperest
1065 827 1159 865 mihi
1191 824 1362 865 discere'
1397 827 1475 866 dixi

395 883 494 923 ‘Cur
527 886 575 924 sit
608 885 874 935 Quinquatrus
906 885 968 923 illa
1001 891 1132 924 vocata
1164 882 1290 923 dies.'

249 952 315 984 695
337 940 540 981 ‘Martius’
573 945 700 993 inquit
732 940 830 994 ‘agit
863 943 927 982 tali
958 955 1042 981 mea
1075 944 1230 981 nomine
1263 944 1381 992 festa,

394 1001 540 1051 Estque
575 1001 646 1039 sub
677 1002 844 1039 inventis
875 1001 971 1039 haec
1004 1013 1158 1051 quoque
1190 1001 1304 1039 turba
1336 1003 1454 1039 meis.

336 1059 465 1097 Prima
497 1059 692 1097 terebrato
725 1071 794 1109 per
826 1071 912 1096 rara
945 1059 1132 1097 foramina
1163 1058 1288 1109 buxo,

394 1116 444 1155 Ut
476 1117 611 1168 daret,
645 1117 783 1167 effeci,
815 1116 908 1154 tibia
940 1116 1051 1166 longa
1084 1128 1222 1154 sonos.

335 1174 415 1213 Vox
446 1174 619 1224 placuit:
665 1174 801 1212 faciem
832 1173 989 1224 liquidis
1020 1173 1282 1212 referentibus
1315 1173 1430 1212 undis

251 1242 316 1274 700
395 1232 481 1270 Vidi
513 1233 705 1283 virgineas
737 1233 969 1271 intumuisse
1001 1244 1141 1282 genas.

337 1288 439 1329 “Ars
471 1291 566 1328 mihi
598 1302 675 1328 non
706 1292 804 1328 tanti
836 1295 922 1342 est3
954 1289 1108 1342 valeas,
1140 1301 1224 1328 mea
1256 1286 1411 1328 tibi-‘12⁹’
1445 1289 1546 1328 dixi:

395 1348 549 1399 Excipit
579 1348 767 1387 abiectam
799 1350 967 1399 caespite
999 1350 1082 1399 ripa
1116 1360 1208 1386 suo.

338 1407 536 1445 Inventam
569 1406 730 1457 Satyrus
761 1407 931 1457 primum
963 1408 1155 1458 miratur,
1188 1411 1227 1444 et
1257 1417 1372 1444 usum

395 1465 556 1516 Nescit,
589 1470 627 1502 et
659 1464 828 1502 inflatam
849 1465 982 1507 -sensit
1013 1463 1154 1502 habere
1188 1476 1349 1515 sonum;

251 1532 316 1563 705
337 1523 385 1561 Et
417 1523 531 1560 modo
565 1522 724 1561 dimittit
756 1522 914 1574 digitis,
946 1522 1059 1560 modo
1093 1523 1262 1572 concipit
1294 1534 1428 1560 auras.

394 1580 550 1630 Iamque
583 1582 686 1619 inter
718 1580 904 1631 nymphas
937 1585 1017 1617 arte
1051 1579 1243 1629 superbus
1276 1585 1382 1618 erat:

338 1639 525 1677 Provocat
557 1645 594 1676 et
626 1638 854 1676 Phoebum.
909 1637 1065 1675 Phoebo
1099 1643 1307 1687 superante
1339 1637 1545 1688 pependit,

397 1696 514 1735 Caesa
545 1702 796 1734 recesserunt
827 1707 848 1733 a
879 1702 967 1734 cute
1000 1695 1172 1733 membra
1205 1707 1296 1733 sua.

340 1755 433 1793 Sum
466 1760 595 1793 tamen
626 1756 819 1792 inventrix
851 1760 1063 1803 auctorque
1098 1765 1167 1803 ego
1200 1754 1381 1791 carminis
1413 1753 1546 1791 huius.

252 1822 317 1852 710
396 1812 476 1851 Hoc
509 1818 596 1863 est,
630 1824 699 1850 cur
731 1817 887 1850 nostros
920 1823 982 1849 ars
1015 1811 1113 1849 colat
1144 1813 1218 1849 ista
1250 1811 1354 1849 dies.

502 1904 565 1944 14.
597 1902 633 1943 Ε
660 1902 783 1955 E[N]
850 1902 912 1944 15.
944 1901 977 1942 F
1004 1899 1276 1950 Q-ST-D-F

339 1986 469 2025 Tertia
501 1987 566 2025 lux
598 1988 755 2037 veniet,
788 1998 863 2036 qua
894 1992 965 2036 tu,
999 1985 1147 2024 Dodoni
1179 1984 1362 2036 Thyone,

399 2044 526 2083 Stabis
558 2045 750 2095 Agenorei
781 2045 907 2082 fronte
940 2044 1101 2082 videnda
1133 2043 1262 2081 bovis.

340 2102 443 2141 Haec
477 2110 535 2141 est
566 2102 629 2140 illa
662 2103 743 2141 dies
763 2133 773 2153 ,
806 2114 879 2152 qua
912 2108 953 2140 tu
985 2102 1211 2152 purgamina
1243 2100 1403 2152 Vestae,

398 2160 572 2211 Thybri,
606 2172 676 2211 per
707 2160 891 2199 Etruscas
924 2162 963 2197 in
994 2171 1099 2197 mare
1132 2160 1254 2197 mittis
1287 2171 1427 2209 aquas.

253 2226 318 2258 715
341 2219 459 2269 Siqua
491 2219 584 2257 fides
617 2220 770 2270 ventis,
803 2218 968 2269 zephyro
1002 2218 1087 2255 date
1120 2217 1307 2269 carbasa,
1338 2215 1498 2255 nautaei

400 2276 492 2315 Cras
525 2278 653 2316 veniet
684 2278 823 2315 vestris
856 2276 918 2314 ille
952 2275 1146 2314 secundus
1180 2285 1311 2326 aquls.
