1575 2489
186 67 239 108 72

739 67 963 99 TRISTIUM

813 197 890 244 VI.

303 292 494 342 Tempore
526 290 719 330 ruricolae
751 292 902 341 patiens
933 291 976 329 fit
1006 295 1143 329 taurus
1175 291 1316 341 aratri,

303 349 471 388 Praebet
502 355 540 388 et
571 351 732 388 incurvo
764 348 861 387 colla
892 348 1104 399 premenda
1135 349 1246 398 iug0;

303 407 495 457 Tempore
527 413 638 458 paret
670 419 793 457 equus
824 407 941 445 lentis
973 408 1169 444 animosus
1200 404 1382 456 habenis,

303 465 352 503 Et
383 465 532 515 placido
565 465 684 503 duros
716 466 856 515 accipit
887 477 954 502 ore
986 465 1122 515 lupos3

264 532 283 562 5
305 523 496 574 Tempore
528 523 748 561 Poenorum
782 525 1042 574 compescitur
1072 523 1129 560 ira
1160 521 1340 572 leonum,

304 581 384 620 Nec
415 582 548 619 feritas
580 583 706 619 animo
727 612 737 632 ,
769 593 866 631 quae
899 581 972 619 fuit
1004 585 1092 619 ante
1112 610 1122 630 ,
1154 585 1306 630 manet,

305 639 490 690 Quaeque
523 641 583 677 sui
615 640 772 677 monitis
804 638 1046 689 obtemperat
1076 637 1168 675 Inda
1201 638 1376 688 magistri

304 697 451 749 Belua,
483 699 684 736 servitium
715 702 891 747 tempore
923 698 1023 734 victa
1055 695 1181 734 subit.

306 756 506 807 Tempus,
540 762 582 794 ut
613 757 785 794 extensis
817 759 993 805 tumeat,
1026 754 1146 805 facit,
1178 765 1251 792 uva
1282 754 1471 804 racemis,

243 822 285 853 10
304 814 452 864 Vixque
486 826 636 852 merum
669 815 821 864 capiant
852 824 998 864 grana,
1031 812 1134 862 quod
1166 812 1272 849 intus
1303 810 1470 861 habent3

306 873 478 923 Tempus
510 877 549 910 et
579 873 618 910 in
652 883 765 910 canas
798 883 931 909 semen
962 870 1144 921 producit
1176 871 1336 921 aristas,

306 930 354 968 Et
385 942 433 969 ne
466 932 544 969 sint
575 931 678 968 tristi
709 941 820 980 poma
853 941 1019 980 sapore,
1052 933 1181 967 cavet.

306 988 388 1027 Hoc
419 994 555 1027 tenuat
585 988 741 1026 dentem
773 994 918 1026 terram
949 987 1170 1025 renovantis
1203 987 1344 1036 aratri,

307 1046 388 1085 Hoc
420 1046 564 1096 rigidas
597 1046 752 1098 sihces,
785 1045 859 1083 hoc
891 1045 1091 1083 adamanta
1122 1046 1237 1083 terit.

246 1113 286 1143 15
308 1104 389 1143 Hoc
422 1106 537 1143 etiarn
569 1116 700 1142 saevas
731 1104 915 1154 paulatim
947 1105 1097 1153 mitigat
1127 1104 1226 1153 iras,

307 1162 389 1201 Hoc
422 1163 561 1200 minuit
593 1161 720 1200 luctus
752 1167 977 1211 maestaque
1009 1160 1126 1199 corda
1158 1160 1278 1198 levat.

309 1220 457 1259 Cuncta
490 1225 619 1271 potest
650 1222 768 1270 igitur
800 1221 916 1258 tacito
948 1218 1047 1270 pede
1078 1218 1184 1269 lapsa
1214 1222 1387 1256 vetustas

308 1278 586 1329 Praeterquam
619 1290 733 1316 curas
765 1283 966 1316 attenuare
999 1288 1126 1315 meas.

308 1336 358 1375 Ut
388 1339 511 1388 patria
544 1348 686 1387 careo,
719 1336 778 1375 bis
811 1335 988 1387 frugibus
1020 1347 1108 1373 area
1140 1336 1230 1373 trita
1262 1340 1343 1386 est,

245 1403 288 1433 20
311 1395 485 1433 Dissiluit
515 1394 619 1433 nudo
652 1407 786 1445 pressa
818 1394 876 1432 bis
908 1406 980 1432 uva
1011 1393 1132 1445 pede.

308 1453 387 1491 Nee
420 1454 593 1503 quaesita
627 1459 754 1491 tamen
787 1454 909 1503 spatio
941 1453 1126 1503 patientia
1156 1451 1270 1501 longo
1303 1457 1385 1501 est,

309 1511 496 1561 Mensque
528 1511 618 1549 mali
649 1523 806 1548 sensum
839 1516 972 1548 nostra
1002 1511 1172 1548 recentis
1203 1509 1344 1547 habet.

312 1569 468 1607 Scilicet
498 1575 537 1607 et
568 1574 719 1607 veteres
752 1569 906 1618 fugiunt
936 1570 1024 1618 iuga
1056 1579 1170 1618 saepe
1201 1568 1380 1620 iuvenci,

310 1627 359 1665 Et
391 1627 560 1665 domitus
593 1627 702 1665 freno
735 1639 849 1677 saepe
881 1631 1073 1677 repugnat
1105 1638 1251 1676 equus.

247 1693 289 1724 25
311 1686 477 1723 Tristior
509 1691 568 1723 est
600 1687 715 1723 etiarn
747 1697 931 1736 praesens
963 1695 1147 1722 aerumna
1179 1684 1334 1735 priore:

310 1743 360 1782 Ut
392 1745 441 1782 sit
473 1745 575 1781 enim
608 1743 682 1781 sibi
714 1755 782 1793 par
802 1775 812 1794 ,
844 1744 966 1781 crevit
997 1748 1036 1781 et
1068 1747 1179 1780 aucta
1211 1754 1319 1780 mora
1351 1746 1431 1780 est.

310 1801 389 1840 Nee
414 1806 492 1840 tam
519 1807 609 1839 nota
635 1801 752 1853 mihi,
779 1813 893 1852 quam
920 1806 1034 1852 sunt,
1061 1800 1158 1838 mala
1183 1806 1315 1838 nostra
1341 1800 1520 1851 fuerunt3

311 1860 422 1898 Nunc
455 1861 575 1910 magis
607 1859 708 1911 boc,
741 1872 817 1909 quo
850 1865 942 1898 sunt
973 1860 1216 1910 cognitiora,
1248 1864 1429 1909 gravant.

308 1917 378 1956 Est
409 1930 564 1968 quoque
597 1930 674 1955 non
707 1917 899 1969 nihilum,
932 1918 1032 1955 vires
1064 1917 1202 1955 afferre
1234 1922 1436 1968 recentes,

247 1984 291 2014 30
311 1976 390 2014 Nec
422 1982 790 2027 praeconsumptum
824 1976 1011 2026 temporis
1043 1987 1128 2013 esse
1160 1974 1292 2013 malis.

311 2034 465 2073 Fortior
496 2035 536 2072 in
567 2034 669 2072 fulva
700 2046 823 2073 novus
855 2040 915 2072 est
946 2033 1111 2072 luctator
1140 2031 1307 2082 harena,

312 2092 435 2137 Quam
467 2093 530 2131 cui
563 2098 653 2130 sunt
685 2092 793 2131 tarda
825 2091 982 2130 brachia
1014 2092 1114 2129 sessa
1146 2102 1274 2130 mora.

312 2150 467 2201 Integer
499 2155 558 2189 est
589 2150 726 2189 melior
758 2150 891 2188 nitidis
922 2149 1108 2200 gladiator
1139 2151 1179 2187 in
1211 2150 1351 2201 armis,

312 2208 435 2253 Quam
469 2210 532 2247 cui
563 2208 641 2246 tela
672 2221 742 2247 suo
775 2209 961 2258 sanguine
993 2209 1113 2245 tincta
1145 2206 1298 2246 rubent.

248 2274 290 2305 35
313 2265 405 2305 Fert
435 2266 534 2305 bene
567 2268 800 2319 praecipites
832 2267 938 2304 navis
969 2266 1082 2304 modo
1115 2266 1214 2304 sacta
1244 2265 1457 2317 procellas:
