1601 2484
1243 74 1364 108 XXXI

31 201 198 238 quarum
230 188 360 226 nescio
392 200 444 224 an
474 186 678 235 dispositio
711 199 833 236 aeque
865 185 914 223 ad
944 185 1175 222 facilitatem
1201 184 1366 221 antistet

34 247 220 293 Ponticis,
253 258 296 284 ac
327 246 491 283 Pontica
523 245 762 293 superabant
793 244 892 282 Ibin.

147 304 281 342 Prima
313 303 432 341 series
464 303 700 352 paginarum
725 305 786 340 est
815 310 934 350 XLII,
966 301 1016 339 ad
1047 310 1081 338 II
1113 302 1196 338 204
1229 311 1364 348 usque.

30 362 124 400 libri
141 363 258 411 primi
283 362 461 400 versibus
481 368 709 399 DCCXXIIII
735 361 767 398 si
792 360 912 398 addas
938 358 1202 407 inscriptionis
1227 369 1366 395 versus

32 421 145 469 duos,
198 421 403 469 explentur
451 419 560 467 ipsae
611 419 777 467 paginae
827 426 988 456 XXXIII.
1063 417 1095 454 si
1143 416 1365 465 plusculum

33 479 153 527 spatii
179 479 226 516 ab
253 478 366 516 initio
391 477 573 516 relictum
597 479 725 526 putes,
757 477 924 515 inveniri
949 477 1126 524 possunt,
1158 486 1256 522 quae
1283 486 1366 511 sae-

32 537 118 574 culo
150 545 197 574 VI
229 539 298 574 aut
328 545 395 574 VII
425 536 580 574 adiecta
609 534 835 582 videantur3
872 534 983 572 velut
1014 531 1255 570 Schraderus
1287 531 1368 569 acri

32 594 174 632 iudicio
202 596 283 632 395
314 595 409 642 396,
438 594 519 631 565
549 594 633 632 566
662 593 884 639 damnabat,
911 591 997 629 aliis
1025 591 1106 628 205
1137 591 1218 627 206
1248 589 1367 626 offen-

33 653 132 690 sioni
173 652 345 690 fuerunt.
415 653 473 689 ita
520 651 606 688 fieri
652 651 792 700 possit,
841 654 886 687 ut
932 661 1030 698 quae
1081 648 1164 685 sola
1207 648 1368 685 circum-

34 711 183 760 scripsi,
217 712 300 749 323
334 710 384 748 ad
411 712 506 758 326,
538 710 580 747 in
608 710 776 758 paginae
807 717 868 746 XV
898 707 1016 744 finem
1045 707 1368 755 promoveantur,

34 772 125 807 sunt
161 769 265 807 enim
302 768 348 806 de
388 781 432 806 eo
469 780 612 817 genere
650 768 889 814 commenta,
933 768 978 803 ut
1008 764 1050 802 II
1082 766 1165 803 423
1202 763 1240 800 V
1274 765 1369 802 633.

35 827 236 865 adicienda
256 827 376 864 etiam
405 826 570 875 paginae
596 834 743 863 XXXIII
768 824 970 872 inscriptio
995 823 1088 860 libri
1114 822 1283 869 secundi,
1309 821 1370 858 uti

35 898 154 934 supra
178 886 219 923 in
243 885 344 922 libro
370 885 432 922 III
457 884 710 922 Ponticorum
734 895 809 920 usu
834 882 952 921 venit.
1024 892 1192 929 namque
1218 880 1369 929 primae

34 956 175 981 novem
199 943 291 982 libri
317 943 477 980 secundi
500 942 679 991 paginae,
714 949 881 979 XXXIIII
910 940 960 978 ad
985 948 1093 988 XLII,
1120 952 1207 977 cum
1232 949 1370 976 versus

35 1002 192 1051 capiant
223 1009 412 1049 CXCVIII,
443 1001 592 1038 habent
621 1012 743 1048 nunc,
782 999 939 1036 etiamsi
979 998 1154 1046 sequaris
1193 1009 1292 1046 quae
1324 996 1370 1033 de

36 1073 97 1099 vv.
133 1061 213 1098 196
240 1059 290 1097 ad
318 1061 400 1098 204
428 1059 650 1106 statuimus,
683 1058 889 1095 ducentos:
923 1056 1224 1105 expungendum
1249 1054 1371 1103 igitur

37 1118 114 1156 fuit
147 1117 364 1156 Schradero
397 1119 555 1155 auctore
586 1117 786 1154 inficetum
817 1117 857 1154 et
887 1115 989 1152 male
1014 1117 1152 1152 natum
1177 1113 1371 1151 distichon

40 1176 80 1213 II
108 1178 188 1214 109
218 1178 313 1214 110.

157 1234 334 1272 Secunda
372 1233 492 1271 series
523 1233 599 1270 erit
628 1232 829 1270 intervalli
860 1243 1045 1270 versuum
1077 1238 1197 1268 CCXX
1228 1229 1318 1267 inde
1350 1241 1374 1266 a

39 1292 80 1329 II
108 1294 190 1330 205
218 1292 267 1329 ad
294 1293 390 1340 424,
421 1291 654 1341 paginarum
686 1290 891 1338 archetypi
921 1290 1066 1336 decem,
1098 1288 1239 1336 quibus
1264 1287 1373 1324 novi-

40 1350 144 1387 cium
192 1350 290 1386 nihil
333 1350 539 1387 accessisse
583 1348 758 1387 videtur:
808 1360 907 1396 quae
950 1347 1155 1395 displicere
1198 1347 1374 1394 possunt,

42 1409 123 1446 209
160 1409 260 1455 210,
295 1409 374 1445 341
411 1409 512 1455 342,
548 1419 627 1444 non
664 1408 755 1444 sunt
792 1405 1133 1454 interpolationes,
1172 1404 1240 1441 sed
1277 1403 1374 1440 ludi-

41 1466 161 1504 bundi
190 1465 335 1504 veteris
367 1465 524 1503 lectoris
556 1465 829 1513 temptamina,
862 1466 907 1500 ut
937 1463 1106 1500 fortasse
1139 1462 1258 1499 etiam
1291 1463 1373 1500 367

43 1526 149 1573 368,
203 1524 245 1562 in
298 1524 438 1572 quibus
500 1522 604 1571 quod
657 1522 825 1559 maxime
881 1521 1067 1569 culpabat
1123 1519 1376 1568 Schraderus,

40 1583 227 1620 iteratum
270 1583 428 1632 dabant,
470 1593 549 1619 non
595 1581 721 1619 ausim
766 1581 919 1618 elevare
965 1578 1168 1617 scribendo
1217 1590 1377 1626 corpora

40 1642 147 1680 nuda
171 1642 291 1680 beant.

159 1699 295 1737 Tertia
337 1711 429 1748 pars
473 1700 534 1737 est
573 1697 779 1736 interstitii
816 1697 912 1735 satis
952 1695 1131 1745 spatiosi,
1177 1695 1279 1744 quod
1317 1698 1378 1732 est

42 1758 144 1796 inter
175 1757 216 1795 II
247 1759 333 1795 424
364 1760 405 1795 et
434 1757 496 1794 III
529 1758 631 1805 505,
667 1757 901 1805 paginarum
932 1754 1139 1804 archetypi
1169 1762 1376 1791 XXXXIIII.

41 1816 208 1866 paginae
243 1817 393 1864 priores
424 1824 488 1853 XX
520 1815 569 1853 ad
604 1815 721 1853 finem
752 1815 844 1852 libri
881 1813 1040 1851 secundi
1076 1812 1270 1850 distichon
1307 1813 1375 1849 ha-

43 1875 154 1923 bent,
192 1875 296 1923 quod
325 1874 539 1912 insiticium
571 1874 655 1911 iure
687 1873 886 1920 videatur,
927 1873 1008 1910 683
1038 1872 1139 1919 6843
1177 1870 1274 1908 item
1300 1870 1376 1907 duo

26 1933 84 1973 .in
114 1935 290 1972 extrema
319 1933 463 1983 pagina
492 1940 626 1981 LXIII,
666 1934 748 1971 663
782 1931 831 1969 ad
865 1932 966 1978 666,
998 1932 1133 1968 tamen
1162 1932 1208 1966 ut
1238 1940 1377 1966 manus

43 1991 336 2041 interpolatoris
368 1994 437 2030 aut
467 1992 646 2039 lacunae,
684 2002 784 2040 quae
815 1989 952 2035 fuerit,
984 1988 1170 2026 indicium
1200 1999 1278 2024 non
1310 1999 1376 2035 ap-

44 2053 191 2099 pareat.
263 2050 355 2088 libri
397 2049 507 2088 tertii
549 2061 704 2098 versus,
749 2049 781 2086 si
824 2047 1119 2096 inscriptionem
1160 2057 1378 2092 accenseas,

45 2117 136 2155 DVI,
161 2109 325 2158 paginas
345 2109 512 2157 implent
531 2116 658 2156 XXIII,
677 2109 722 2145 ut
748 2118 1015 2156 quaecumque
1042 2104 1256 2153 suspiciosa
1276 2105 1377 2152 sunt,

45 2167 212 2205 maxime
239 2168 321 2205 233
351 2168 446 2214 234,
471 2166 652 2204 fortassis
678 2167 761 2204 411
791 2166 888 2213 412,
915 2166 996 2201 441
1026 2164 1124 2211 442,
1150 2161 1377 2200 vetustioris

46 2226 205 2276 originis
237 2237 322 2263 esse
355 2227 545 2273 oporteat.

163 2283 312 2330 Quarta
358 2283 598 2321 continuatio
648 2282 882 2332 paginarum
931 2289 1011 2318 XXI
1053 2292 1076 2317 a
1124 2278 1379 2329 nonagesima
