1575 2489
544 92 607 124 111.
635 99 661 124 v
681 93 818 125 35-V1
837 93 900 125 44..
1305 90 1384 131 181

230 198 288 237 Ex
319 210 410 250 me,
443 200 474 237 si
508 201 665 251 nescis,
698 201 843 238 certior
876 211 962 238 esse
993 205 1129 250 potes.

172 256 271 295 Huic
304 268 398 307 ege,
431 269 546 307 quam
577 259 729 309 patior,
762 257 816 296 nil
847 270 1004 308 possem
1031 258 1186 296 demere
1218 270 1388 310 poenae,

113 325 154 355 10
234 315 274 353 Si
306 314 422 353 iudex
454 316 584 353 meriti
616 327 778 366 cogerer
811 328 896 354 esse
929 317 1028 354 mei.

172 373 256 411 Non
288 377 391 411 vetat
422 373 486 411 ille
519 375 580 412 sui
613 385 846 424 quemquam
878 375 1101 413 meminisse
1134 374 1287 426 sodalis,

229 430 309 469 Nec
340 430 523 482 prohibet
554 431 624 470 tibi
656 444 716 470 me
750 432 952 484 scribere,
985 439 1102 483 teque
1134 433 1251 472 mihi.

172 489 252 528 Nec
284 489 411 528 scelus
444 490 623 528 admittas
642 522 652 542 ,
685 491 717 528 si
749 491 962 529 consoleris
995 492 1184 543 amicum,

230 546 410 586 Mollibus
444 554 482 586 et
512 548 641 587 verbis
674 561 810 599 aspera
843 550 918 587 sata
949 549 1075 587 leves.

111 613 152 644 15
174 605 251 644 Cur
270 636 280 656 ,
313 605 405 644 dum
438 612 520 645 tuta
552 609 695 659 times,
727 608 821 646 facis
854 613 897 646 ut
929 609 1147 646 reverentia
1183 606 1270 646 talis

229 663 314 702 Fiat
344 665 384 702 in
415 665 612 715 Augustos
643 665 831 704 invidiosa
863 663 995 704 deos‘?

171 721 361 761 Fulminis
394 723 553 762 adflatos
585 723 783 762 interdum
815 725 943 762 vivere
976 723 1064 762 telis

229 780 404 820 VidImus
437 788 475 820 et
507 782 615 820 refici
634 813 644 833 ,
676 794 754 820 non
786 781 1017 832 prohibente
1050 781 1162 820 Iove.

171 838 251 877 Nec
270 870 281 891 ,
314 841 403 889 quia
434 839 639 890 Neptunus
671 852 807 878 navem
839 840 1028 878 lacerarat
1059 839 1204 889 Ulixis,

110 905 152 936 20
231 896 453 936 Leucothea
485 900 593 936 nanti
625 899 728 936 serre
759 900 914 948 negavit
945 910 1080 948 opem.

172 955 294 994 Crede
326 955 448 1008 mihi,
480 957 635 994 miseris
668 955 848 995 caelestia
880 957 1038 994 numina
1071 960 1260 1006 parcunt,

229 1013 309 1051 Nec
341 1026 496 1064 semper
527 1014 653 1053 laesos
685 1020 724 1053 et
755 1016 838 1053 sine
870 1015 946 1053 fine
979 1020 1185 1065 premunt.

171 1071 353 1122 Principe
385 1085 458 1111 nec
490 1078 624 1111 nostro
657 1072 754 1111 deus
787 1080 846 1112 est
877 1073 1116 1111 moderatior
1147 1072 1273 1111 ullus:

231 1129 382 1169 Iustitia
412 1132 516 1169 vires
548 1136 740 1182 temperat
770 1131 834 1170 ille
868 1143 979 1170 suas.

108 1196 152 1228 25
171 1187 306 1238 Nuper
339 1201 421 1227 eam
454 1189 594 1228 Caesar
626 1191 726 1228 sacto
759 1189 806 1228 de
840 1202 1033 1228 marmore
1065 1188 1234 1240 templo,

231 1247 462 1298 Iampridem
494 1249 625 1299 posuit
656 1249 798 1286 mentis
828 1249 869 1286 in
902 1248 996 1286 aede
1029 1260 1144 1286 suae.

173 1304 347 1357 Iuppiter
379 1307 420 1344 in
450 1306 594 1345 multos
626 1308 832 1345 temeraria
865 1306 1025 1345 fulmina
1057 1311 1240 1356 torquet,
1331 1313 1387 1345 (98)

233 1363 307 1408 Qui
339 1377 504 1415 poenam
537 1365 649 1416 culpa
681 1377 758 1403 non
790 1377 971 1404 meruere
1003 1366 1105 1415 pati.

174 1421 362 1461 Obruerit
394 1435 482 1462 cum
514 1429 572 1462 tot
604 1424 727 1462 saevis
760 1423 856 1462 deus
889 1425 1069 1473 aequoris
1102 1422 1240 1474 undis,

110 1489 153 1520 30
232 1480 288 1519 Ex
321 1481 396 1519 illis
428 1483 552 1532 mergi
582 1494 672 1533 pars
705 1488 822 1532 quota
855 1482 969 1531 digna
1002 1478 1110 1519 suit‘?

175 1539 270 1578 Cum
303 1547 466 1590 pereant
497 1541 579 1578 acie
611 1541 821 1578 fortissima
855 1552 1031 1590 quaeque
1051 1571 1062 1591 ,
1094 1539 1154 1577 vel
1186 1540 1269 1590 ipso

232 1597 362 1636 Iudice
395 1598 570 1637 delectus
602 1598 735 1637 Martis
767 1600 926 1649 iniquus
959 1599 1055 1636 erit.

174 1656 222 1694 At
253 1658 285 1694 si
318 1657 417 1695 sorte
449 1656 543 1695 velis
574 1658 615 1695 in
647 1669 717 1695 nos
749 1658 980 1708 inquirere,
1013 1667 1126 1695 nemo
1160 1662 1242 1706 est,

234 1714 310 1759 Qui
341 1727 412 1767 se,
445 1715 548 1766 quod
579 1717 726 1766 patitur
745 1747 755 1767 ,
788 1716 1067 1754 commeruisse
1101 1719 1242 1764 neget.

112 1780 154 1811 35
175 1772 281 1811 Adde
302 1804 312 1822 ‚
345 1774 448 1824 quod
481 1774 673 1813 extinctos
705 1774 765 1812 vel
797 1786 895 1825 aqua
913 1805 924 1825 ,
950 1773 1010 1811 vel
1036 1773 1157 1811 Marte
1176 1804 1187 1824 ,
1219 1771 1277 1810 vel
1310 1773 1389 1822 igni

233 1831 344 1869 Nulla
375 1838 505 1882 potest
535 1834 677 1871 iterum
710 1834 930 1871 restituisse
963 1832 1068 1870 dies.

175 1888 361 1928 Restituit
393 1890 536 1929 multos
555 1922 565 1942 ,
597 1896 664 1929 aut
694 1903 843 1941 poenae
874 1895 986 1941 parte
1018 1891 1156 1929 levavit

235 1948 375 1987 Caesar
395 1978 403 1987 .
460 1955 499 1987 et
529 1950 569 1987 in
603 1948 735 1987 multis
767 1961 828 1987 me
848 1980 858 2000 ,
890 1961 1059 2000 precor,
1093 1960 1178 1986 esse
1211 1946 1324 1986 velit!

176 2007 225 2045 At
255 2012 297 2045 tu
316 2038 327 2058 ,
359 2019 446 2046 cum
479 2007 545 2045 tali
576 2007 743 2058 populus
776 2006 848 2046 sub
880 2008 1057 2057 principe
1092 2007 1237 2057 simus,

113 2072 157 2103 40
235 2064 422 2116 Adloquio
454 2066 610 2117 profugi
642 2066 770 2104 credis
800 2067 930 2103 inesse
962 2062 1144 2103 metum?

176 2123 355 2162 Forsitan
385 2123 480 2162 haec
512 2124 668 2163 domino
701 2123 880 2163 Busiride
913 2125 998 2162 iure
1031 2125 1214 2173 timeres,

235 2183 311 2220 Aut
342 2181 454 2220 solito
488 2182 640 2221 clausos
672 2195 787 2222 urere
819 2184 859 2220 in
893 2194 980 2220 aere
1013 2183 1140 2220 virOS.

177 2238 318 2278 Desine
349 2241 483 2279 mitem
515 2243 685 2280 animum
717 2253 814 2280 vano
846 2241 1033 2278 infamare
1064 2242 1228 2279 timore.

238 2297 358 2337 Saeva
390 2299 483 2350 quid
514 2301 554 2338 in
584 2299 747 2351 placidis
780 2311 869 2338 saxa
900 2300 1049 2338 vereris
1081 2295 1226 2349 aquis?
