1575 2489
159 86 242 127 188
699 85 763 116 EX
787 84 943 117 rouro

210 203 254 234 30
332 194 402 232 Est
433 193 556 244 mihi3
588 203 660 230 nec
693 193 866 230 numeris
897 197 1056 230 nectere
1087 190 1204 230 verba
1235 192 1362 230 iuvat.

277 252 364 290 Sive
397 251 500 301 quod
532 250 623 288 hinc
654 250 806 288 fructus
838 249 932 288 adeo
965 261 1042 288 non
1075 250 1250 300 cepimus
1281 249 1380 288 ullos
1394 280 1407 301 1,

333 309 575 359 Principium
607 309 733 346 nostri
763 319 826 346 res
859 309 910 346 sit
939 313 984 346 ut
1014 308 1088 346 ista
1120 307 1232 346 mali:

278 368 366 405 Sive
399 366 502 417 quod
534 367 574 404 in
606 365 780 404 tenebris
807 377 1037 404 numerosos
1068 377 1214 416 ponere
1247 377 1428 416 gressus,

336 424 525 475 Quodque
558 423 662 474 legas
693 423 789 462 nulli
820 423 993 462 scribere
1025 435 1205 475 carmen,
1241 423 1343 462 idem
1375 429 1457 463 est.

214 493 256 522 35
276 483 430 521 Excitat
456 482 609 520 auditor
641 482 812 520 studIum
831 512 842 533 ,
873 481 1103 532 laudataque
1135 483 1258 520 virtus

336 541 515 591 Crescit,
548 545 586 578 et
616 541 838 578 inmensum
869 539 989 590 gloria
1021 539 1147 578 calcar
1178 539 1319 578 habet.

276 599 347 638 Hic
380 610 464 637 mea
497 599 561 636 cui
592 599 754 636 recitem
785 599 861 636 nisi
891 597 998 636 ssavis
1030 599 1174 648 scripta
1207 597 1390 649 Corallis,

337 657 518 708 Quasque
551 656 643 694 alias
675 661 810 707 gentes
840 655 1029 694 barbarus
1061 655 1193 694 Hister
1224 653 1374 694 habet?

278 716 354 754 Sed
388 715 479 766 quid
514 714 618 753 solus
651 726 787 766 agam,
821 725 973 764 quaque
1005 713 1173 752 infelicia
1204 713 1363 764 perdam

214 783 257 813 40
339 773 426 812 Otia
457 775 617 811 materia
637 804 647 824 ,
680 774 966 823 surripiamque
999 769 1135 810 diem?

278 832 373 870 Nam
407 833 497 882 quia
528 843 601 869 nec
632 832 765 869 vinum
785 862 795 881 ,
827 842 898 868 nec
930 842 991 868 me
1024 835 1131 868 tenet
1162 829 1242 868 alea
1274 829 1409 881 fallax,

337 890 413 928 Per
445 901 543 940 quae
577 889 674 927 clam
706 890 866 927 tacitum
898 894 1053 938 tempus
1086 887 1192 926 abire
1226 888 1347 939 solet,

278 948 358 987 Nec
384 959 445 986 me
465 969 512 974 —
537 947 640 998 quod
667 958 851 998 cuperem
868 978 878 998 ,
905 948 937 985 si
963 958 1034 997 per
1059 946 1140 984 sera
1166 945 1265 984 bella
1290 946 1427 985 liceret
1444 966 1492 974 —

338 1006 517 1044 Oblectat
549 1005 655 1044 cultu
688 1011 793 1044 terra
824 1010 960 1043 novata
993 1016 1086 1055 suo,

215 1074 258 1103 45
281 1064 380 1109 Quid
402 1095 412 1114 ,
444 1065 519 1102 nisi
550 1063 753 1113 Pierides,
786 1062 925 1101 solacia
958 1062 1095 1113 frigida
1114 1093 1125 1114 ‚
1158 1067 1330 1114 restant,

338 1122 423 1159 Non
454 1121 555 1160 bene
588 1121 635 1159 de
667 1121 779 1159 nobis
813 1132 910 1171 quae
943 1132 1123 1159 meruere
1157 1118 1284 1158 deae?

280 1183 328 1218 At
361 1187 432 1230 tu,
465 1181 529 1218 cui
559 1178 706 1217 bibitur
738 1178 889 1217 felicius
922 1178 1069 1216 Aonius
1101 1178 1215 1229 fons,

338 1237 495 1276 Utiliter
528 1236 700 1276 studium
733 1236 837 1287 quod
868 1235 939 1275 tihi
972 1236 1103 1288 cedit,
1136 1248 1244 1287 ama,

283 1297 477 1346 Sacraque
510 1295 709 1334 Musarum
741 1296 879 1334 merito
912 1294 994 1333 cole
1014 1324 1023 1333 .
1079 1295 1262 1345 quodque
1300 1293 1495 1346 legamus,

218 1364 261 1394 50
340 1354 426 1393 Huc
459 1353 612 1405 aliquod
646 1365 762 1392 curae
796 1355 904 1392 mitte
937 1354 1107 1392 recentis
1140 1364 1261 1404 opus.

787 1481 871 1527 III.

284 1587 510 1638 Conquerar
530 1618 540 1638 ‚
572 1598 620 1625 an
652 1582 835 1624 taceam?
879 1596 1019 1636 ponam
1051 1586 1134 1623 sine
1167 1587 1322 1624 nomine

1011 1644 1182 1694 crimen,
1424 1651 1497 1684 (109)

343 1705 401 1741 An
433 1708 568 1741 notum
588 1734 598 1753 ,
632 1703 698 1752 qui
730 1703 783 1740 sis
802 1732 813 1752 ‚
840 1701 1019 1740 omnibus
1052 1713 1137 1740 esse
1169 1699 1319 1740 velim?

285 1761 449 1800 Nomine
481 1773 559 1799 non
591 1766 707 1811 utar,
740 1772 787 1798 ne
821 1759 1095 1798 commendere
1128 1760 1324 1812 querella,

344 1820 639 1869 Quaeraturque
673 1818 744 1856 tibi
777 1820 946 1856 carmine
980 1818 1078 1856 fama
1110 1830 1219 1857 meo.

244 1888 262 1916 5
285 1878 383 1917 Dum
416 1890 500 1916 mea
533 1878 675 1928 puppis
708 1883 790 1915 erat
821 1876 943 1915 valida
975 1876 1131 1915 fundata
1165 1878 1319 1927 carina,

345 1935 418 1981 Qui
451 1947 604 1974 mecum
636 1934 754 1973 velles
788 1946 979 1986 currere,
1010 1936 1161 1985 primus
1194 1947 1303 1974 eras.

285 1994 426 2045 Nunc,
460 1996 548 2045 quia
581 1994 775 2032 contraxit
806 1992 956 2031 vultum
986 1992 1159 2031 Fortuna
1178 2023 1188 2043 ,
1220 1993 1395 2045 recedis,

345 2052 497 2091 Auxilio
529 2058 736 2103 postquam
769 2052 846 2090 scis
878 2063 976 2102 opus
1009 2062 1093 2089 esse
1126 2056 1193 2089 tuo
1212 2081 1220 2089 .

288 2111 514 2150 Dissimulas
547 2112 686 2162 etiam,
718 2121 791 2148 nec
823 2121 884 2147 me
915 2110 972 2147 vis
1005 2120 1120 2147 nosse
1151 2109 1298 2161 videri,

226 2179 266 2208 10
348 2169 522 2221 Quisque
556 2170 634 2219 sit,
667 2168 797 2207 audito
829 2168 1014 2218 nomine,
1047 2167 1148 2206 Naso
1168 2199 1179 2219 ,
1210 2179 1346 2219 rogas.

288 2228 352 2266 Ille
386 2240 455 2279 ego
490 2239 605 2279 sum,
638 2238 871 2278 quamquam
903 2237 980 2264 non
1012 2227 1069 2263 vis
1103 2226 1237 2265 audire
1256 2257 1267 2278 ‚
1298 2230 1449 2266 vetusta

345 2286 472 2325 Paene
504 2298 603 2337 puer
635 2297 758 2336 puero
791 2286 947 2323 iunctus
980 2283 1171 2322 amicitia!
