1575 2489
618 60 678 94 iv.
706 61 878 93 72—140.
1333 59 1417 100 287

196 167 326 206 Prima
357 168 462 206 feros
494 167 648 207 habitus
680 167 828 206 homini
861 167 1058 207 detraxit:
1105 168 1152 206 ab
1185 167 1249 207 illa
1343 177 1416 209 (118)

255 225 455 264 Venerunt
487 226 615 265 cultus
646 226 868 276 mundaque
902 238 996 264 cura
1028 228 1112 266 sui.

194 284 350 323 Primus
382 296 514 323 amans
547 296 704 323 carmen
734 284 933 335 vigilatum
965 290 1079 323 nocte
1113 290 1252 335 negata

109 352 173 382 110
254 343 405 381 Dicitur
436 343 482 381 ad
516 343 666 381 clausas
699 344 947 381 concinuisse
980 343 1109 382 fores:

193 401 481 452 Eloquiumque
515 402 588 440 suit
620 402 757 440 duram
789 413 950 439 exorare
982 401 1176 453 puellam,

251 459 407 510 Proque
440 472 509 498 sua
542 472 656 498 causa
690 461 855 510 quisque
889 459 1059 498 disertus
1092 464 1201 498 erat.

193 517 295 556 Mille
327 530 398 568 per
429 518 528 556 hanc
561 524 665 557 artes
697 524 853 570 motae3
887 518 1094 568 studioque
1126 517 1304 569 placendi

252 575 356 620 Quae
390 576 539 615 latuere
572 579 710 628 priuS‚
743 576 863 615 multa
895 582 1049 627 reperta
1082 577 1237 615 ferunt.

108 642 170 673 115
193 633 301 672 Hanc
335 637 543 686 quisquam
575 635 688 674 titulo
721 637 865 673 mensis
898 635 1065 686 spoliare
1098 634 1260 674 secundi

251 691 443 732 Audeat?
488 706 508 732 a
540 693 653 732 nobis
685 695 735 732 sit
767 694 876 732 furor
907 695 980 732 iste
1013 693 1173 744 procul.

192 751 322 804 Quid,
356 752 459 803 quod
491 752 637 803 ubique
672 758 812 803 potens
845 752 1078 802 templisque
1111 750 1383 802 frequentibus

916 816 1051 861 aucta,

248 868 354 907 Urbe
387 874 516 907 tamen
548 874 682 906 nostra
714 869 775 906 ius
809 868 879 906 dea
911 869 1036 906 maius
1067 867 1206 907 hahet.

189 926 264 965 Pro
298 927 443 979 Troia,
475 926 649 965 Romane
669 958 679 978 ‚
712 932 777 965 tua
810 926 940 964 Venus
973 938 1078 965 arma
1110 926 1282 978 ferebat,

103 992 168 1024 1⁶20
249 984 346 1023 Cum
378 986 527 1035 gemuit
558 991 734 1023 teneram
767 985 928 1035 cuspide
960 985 1063 1023 laesa
1096 997 1276 1024 manum:

189 1042 463 1094 Caelestesque
497 1043 592 1082 duas
625 1043 792 1081 Troiano
825 1043 954 1082 iudice
988 1045 1102 1082 vicit:

246 1101 300 1140 A!
344 1102 463 1140 nolim
496 1103 617 1140 victas
649 1102 723 1140 hoc
755 1103 979 1140 meminisse
1012 1102 1126 1141 deas.

187 1161 444 1211 Assaracique
478 1172 602 1199 nurus
635 1160 736 1199 dicta
770 1166 856 1212 est,
889 1166 933 1199 ut
966 1160 1115 1199 scilicet
1146 1160 1237 1200 olim

244 1218 406 1269 Magnus
438 1218 566 1257 Iuleos
599 1218 739 1257 Caesar
770 1218 934 1257 haberet
965 1231 1078 1258 avos.

103 1284 164 1315 125
186 1277 265 1316 Nec
297 1276 440 1316 Veneri
472 1284 626 1328 tempus
644 1309 654 1329 ‚
681 1289 797 1328 quam
823 1290 916 1329 ver,
949 1283 1033 1317 erat
1059 1279 1187 1329 aptius
1219 1278 1340 1317 ullum
1366 1301 1407 1305 —

244 1335 342 1374 Vere
374 1338 500 1375 nitent
531 1343 659 1375 terrae
678 1367 689 1388 ‚
720 1348 811 1374 vere
843 1338 1032 1375 remissus
1065 1349 1155 1387 ager
1186 1359 1234 1367 -

187 1394 316 1444 [Nunc
348 1394 491 1433 herbae
524 1400 639 1445 rupta
671 1393 811 1433 tellure
845 1396 1046 1434 cacumina
1077 1395 1242 1447 tollunt,

244 1453 356 1491 Nunc
389 1453 538 1491 tumido
571 1464 742 1503 gemmas
776 1455 921 1492 cortice
954 1453 1101 1504 palmes
1133 1455 1211 1505 agit
1232 1453 1258 1504 .]

185 1511 232 1550 Et
264 1512 433 1550 formosa
466 1511 596 1550 Venus
628 1512 799 1550 formoso
832 1518 1009 1563 tempore
1042 1512 1156 1563 digna
1189 1518 1271 1565 est,

99 1578 164 1609 130
255 1569 382 1621 thue
415 1570 543 1622 solet,
574 1570 688 1609 Marti
719 1571 943 1609 continuata
976 1583 1070 1609 suo,

185 1627 282 1667 Vere
308 1635 441 1668 monet
467 1641 605 1668 curvas
631 1634 806 1667 materna
832 1641 903 1680 per
935 1641 1103 1680 aequora
1135 1641 1287 1681 puppes
1330 1638 1405 1671 (119)

243 1686 303 1726 lre
320 1718 331 1739 ,
365 1699 437 1726 nec
469 1687 654 1726 hibernas
686 1688 762 1726 iam
794 1688 973 1726 timuisse
1005 1689 1152 1727 minas.

492 1779 526 1819 1.
560 1776 981 1830 CK·A[PRIL·N³

184 1863 271 1901 Rite
304 1862 414 1901 deam
447 1861 573 1900 colitis
605 1861 735 1901 Latiae
768 1868 991 1914 matresque
1023 1874 1226 1914 nurusque

241 1920 290 1960 Et
322 1932 419 1972 vos,
452 1922 539 1971 quis
572 1921 690 1960 vittae
721 1921 912 1972 longaque
946 1923 1064 1960 vestis
1097 1921 1229 1961 abest.

98 1988 161 2019 135
185 1982 310 2018 Aurea
343 1991 561 2018 marmoreo
595 1979 824 2018 redimicula
857 1979 994 2018 solvite
1027 1979 1150 2032 collo,

241 2038 391 2077 Demite
424 2038 606 2077 divitias:
651 2044 730 2077 tota
762 2038 921 2077 lavanda
953 2038 1023 2077 dea
1056 2044 1137 2078 est.

182 2098 309 2135 Aurea
341 2098 485 2136 siccato
518 2096 745 2135 redimicula
777 2096 928 2136 reddite
961 2097 1084 2136 collo:

240 2155 352 2194 Nunc
385 2155 449 2194 alii
479 2155 625 2208 fiores,
658 2167 763 2194 nunc
796 2168 893 2194 nova
925 2155 1048 2194 danda
1081 2168 1169 2195 rosa
1201 2162 1282 2196 est.

181 2214 257 2253 Vos
290 2226 445 2265 quoque
478 2214 551 2253 sub
583 2215 697 2253 viridi
728 2220 854 2266 myrto
887 2214 996 2253 iubet
1027 2216 1110 2266 ipsa
1142 2215 1282 2254 lavari:

95 2281 160 2312 140
241 2273 468 2326 Causaque,
495 2285 566 2312 cur
592 2273 749 2327 iubeat,
776 2295 821 2300 —-
848 2272 1011 2312 discite!
1039 2295 1081 2300 —
1109 2280 1214 2313 certa
1242 2274 1397 2314 subest.
