1601 2484
583 72 629 106 n.
658 73 853 105 284—357.
1333 70 1384 111 31

170 177 250 216 Nec
283 178 378 216 mihi
410 180 610 216 materiam
643 178 821 216 bellatrix
853 179 974 218 Roma
1006 178 1193 230 negabat,

172 235 221 274 Et
253 237 341 286 pius
375 241 463 287 est,
495 238 642 286 patriae
675 237 773 274 sacta
805 237 984 288 referre,
1016 237 1147 276 labor.

171 293 347 344 Denique
381 306 470 332 cum
502 295 653 332 meritis
685 294 906 345 impleveris
939 297 1091 347 omnia,
1124 294 1288 347 Caesar,

171 351 266 389 Pars
300 351 393 390 mihi
425 352 472 390 de
505 352 636 390 multis
670 364 746 390 una
778 353 950 391 canenda
983 353 1079 405 suit,

83 417 150 448 325
173 409 299 460 thue
334 409 494 448 trahunt
526 409 659 448 oculos
691 410 879 449 radiantia
911 411 1056 450 lumina
1088 410 1207 463 solis,

174 468 402 506 Traxissent
433 469 604 506 animum
638 469 693 506 sic
726 474 791 507 tua
824 470 922 507 saeta
955 481 1107 508 meum.

170 527 323 576 Arguor
354 527 537 564 inmerito
559 557 567 564 .
617 528 746 564 tenuis
780 527 873 565 mihi
905 539 1065 578 campus
1098 532 1253 566 aratur:

171 583 267 621 Illud
301 589 384 622 erat
417 585 575 634 magn‘ae
609 584 819 623 fertilitatis
852 597 972 635 opus.

170 641 254 679 Non
286 642 372 680 ideo
406 642 522 680 debet
554 642 688 692 pelago
722 654 763 681 se
797 643 956 680 credere
976 674 986 693 ‚
1019 643 1130 693 siqua

84 707 150 737 330
171 699 297 737 Audet
327 701 367 738 in
400 702 540 750 exiguo
572 700 706 738 ludere
740 700 878 738 cumba
910 700 1018 739 lacu.

171 757 318 796 Forsan
334 779 390 784 —-
417 765 455 796 et
481 758 554 796 hoe
575 758 748 796 dubitem
767 779 814 785 ——-
845 759 1019 796 numeris
1039 757 1250 797 levioribus
1277 765 1389 810 aptus

173 816 253 854 Sim
287 818 378 854 satis
398 847 409 867 ‚
440 817 480 854 in
511 828 651 867 parvos
685 816 952 866 sufficiamque
986 817 1145 856 modos:

171 875 219 911 At
251 875 283 911 si
316 885 376 912 me
408 874 542 912 iubeas
576 874 743 912 domitos
775 873 875 912 Iovis
908 876 996 924 igne
1029 874 1213 925 Gigantes

172 931 308 969 Dicere
328 962 339 982 ,
372 938 577 970 conantem
610 931 827 970 debilitabit
859 943 981 972 onus,

84 996 150 1027 335
171 990 315 1027 Divitis
347 991 493 1040 ingenii
526 996 585 1028 est
616 991 796 1028 immania
829 989 1006 1029 Caesaris
1037 996 1121 1030 acta

173 1047 349 1085 Condere
369 1078 379 1098 ‚
411 1049 573 1086 materia
605 1060 653 1086 ne
686 1054 896 1099 superetur
927 1061 1049 1099 opus.

171 1105 221 1144 Et
252 1111 381 1144 tamen
414 1117 533 1144 ausus
566 1118 699 1157 eram3
751 1106 818 1144 sed
852 1107 1070 1145 detrectare
1103 1106 1284 1159 videbar,

174 1164 364 1214 Quodque
397 1164 504 1202 nefas
524 1195 535 1215 ‚
568 1164 706 1202 damno
740 1164 888 1202 viribus
921 1177 1006 1203 esse
1040 1166 1143 1204 tuis.

172 1222 230 1259 Ad
262 1221 344 1259 leve
377 1234 516 1260 rursus
549 1234 646 1273 opus
666 1253 676 1273 ‚
708 1223 898 1260 iuvenalia
932 1225 1101 1261 carmina
1121 1254 1131 1274 ,
1163 1225 1272 1275 veni,

85 1286 151 1317 340
173 1279 222 1317 Et
254 1279 348 1317 salso
381 1281 482 1318 movi
514 1286 651 1330 pectus
683 1292 814 1318 amore
846 1293 999 1320 meum.

172 1337 257 1375 Non
291 1338 471 1388 equidem
504 1338 668 1377 vellem.
719 1338 786 1376 sed
819 1350 879 1377 me
912 1351 998 1377 mea
1029 1339 1106 1378 fata
1137 1339 1367 1393 trahebant,

172 1395 294 1446 Inque
327 1408 432 1433 meas
463 1407 609 1446 poenas
641 1397 866 1446 ingeniosus
900 1409 1028 1435 eram.

172 1453 219 1491 Ei
250 1453 375 1504 mihi,
409 1454 512 1504 quod
545 1453 690 1492 didici!
741 1466 812 1492 cur
843 1467 904 1492 me
938 1455 1107 1493 docuere
1140 1462 1322 1506 parentes

172 1511 397 1562 Litteraque
431 1517 490 1550 est
521 1512 654 1550 oculos
687 1511 763 1550 ulla
795 1519 942 1551 morata
973 1512 1110 1552 meos!

85 1576 152 1607 345
173 1569 277 1608 Haec
309 1569 379 1608 tibi
411 1582 471 1608 me
504 1571 673 1608 invisum
705 1570 860 1608 lascivia
893 1572 985 1609 fecit
1004 1603 1014 1623 ,
1046 1571 1095 1609 ob
1127 1572 1264 1623 Artes,

173 1627 269 1673 Quis
301 1634 409 1667 ratus
441 1640 484 1666 es
515 1630 656 1667 vetitos
689 1628 896 1667 sollicitare
930 1636 1060 1668 toros.

175 1685 251 1724 Sed
284 1699 411 1737 neque
444 1699 505 1725 me
538 1693 682 1737 nuptae
716 1687 938 1725 didicerunt
970 1688 1072 1726 furta
1104 1690 1313 1740 magistro,

175 1744 365 1795 Quodque
398 1757 536 1795 parum
568 1746 703 1796 novit,
736 1757 849 1783 nemo
883 1746 1024 1784 docere
1055 1752 1213 1797 potest.

175 1802 238 1841 Sic
271 1815 341 1853 ego
374 1802 531 1841 delicias
564 1809 603 1841 et
633 1803 760 1841 mollia
793 1805 962 1842 carmina
994 1804 1092 1856 feci,

85 1868 153 1899 350
175 1860 388 1900 Strinxerit
418 1867 462 1899 ut
493 1873 635 1900 nomen
667 1861 799 1900 fabula
831 1862 934 1900 nulla
966 1874 1097 1900 meum
1117 1893 1126 1901 .

172 1918 253 1957 Nec
286 1921 490 1969 quisquam
524 1925 584 1958 est
615 1920 709 1957 adeo
742 1920 866 1958 media
899 1920 946 1958 de
978 1920 1091 1971 plebe
1127 1926 1318 1971 maritus,

174 1976 224 2015 Ut
255 1977 397 2015 dubius
429 1979 521 2016 vitio
549 1979 599 2016 sit
628 1985 739 2029 pater
771 1978 834 2016 ille
867 1991 976 2017 me0.

174 2034 296 2073 Crede
329 2035 452 2086 mihi,
485 2036 629 2074 distant
660 2048 790 2074 mores
822 2049 842 2074 a
875 2038 1045 2075 carmine
1078 2043 1212 2075 nostro
1240 2058 1295 2064 —

172 2092 257 2131 Vita
289 2094 508 2132 verecunda
541 2100 629 2145 est,
661 2094 769 2133 Musa
802 2096 931 2133 iocosa
964 2108 1047 2133 mea
1077 2116 1130 2122 —

86 2158 154 2189 355
174 2150 388 2202 Magnaque
421 2164 510 2203 pars
535 2153 700 2192 mendax
732 2166 895 2205 operum
926 2160 986 2194 est
1010 2160 1048 2192 et
1074 2154 1162 2192 ficta
1187 2165 1388 2193 meorum:

174 2209 266 2247 Plus
299 2210 373 2248 sibi
403 2212 582 2261 permisit
613 2214 873 2262 compositore
908 2223 1001 2249 suo.

173 2267 253 2306 Nec
285 2267 384 2306 liber
421 2269 608 2307 indicium
642 2275 702 2308 est
733 2271 879 2321 animi,
919 2270 984 2308 sed
1017 2269 1181 2309 honesta
1214 2270 1414 2322 voluptas
