1575 2489
532 88 558 120 1.
586 96 635 120 111
657 89 804 121 15—88.
1254 83 1338 125 129

179 196 263 234 Non
296 194 432 233 salices
464 196 547 245 ripa
567 226 577 246 ,
609 194 751 233 robora
784 199 912 234 monte
944 195 1095 233 virent.

120 254 223 293 Neve
256 254 398 291 fretum
430 252 564 291 laudes
596 258 701 291 terra
733 254 853 303 magis
872 284 883 304 ,
914 264 1082 303 aequora
1114 262 1270 302 semper

180 310 391 350 Ventorum
423 310 529 349 rabie
563 310 709 349 solibus
742 311 835 349 orba
868 315 1042 349 tument.

55 379 101 410 55
123 370 376 419 Quocumque
409 370 573 419 aspicies
592 399 603 421 ,
635 370 761 419 campi
793 368 942 408 cultore
975 373 1153 407 carentes

182 427 400 478 Vastaque,
433 439 530 477 quae
563 439 676 465 nemo
709 426 906 477 vindicet,
939 439 1026 465 arva
1059 428 1209 465 iacent.

122 485 252 524 Hostis
285 485 394 523 adest
425 485 559 524 dextra
592 484 775 535 laevaque
808 497 827 523 a
858 490 967 536 parte
1001 484 1218 535 timendus,

180 543 392 593 Vicinoque
424 549 530 581 metu
563 548 686 581 terret
717 549 927 594 utrumque
960 543 1084 582 latus.

122 601 249 640 Altera
282 600 474 639 Bistonias
507 613 597 652 pars
630 607 690 640 est
721 613 882 640 sensura
916 603 1101 640 sarissas:

59 669 102 699 60
181 659 311 698 Altera
344 659 555 698 Sarmatica
588 659 733 710 spicula
768 661 883 698 missa
915 671 1054 697 manu.

121 717 136 755 Ι
169 729 272 756 nunc
305 723 344 756 et
375 723 550 756 veterum
583 717 694 756 nobis
727 717 898 768 exempla
931 719 1127 767 virorum,
1280 724 1337 755 (14)

181 775 255 821 Qui
288 776 378 814 sorti
410 788 542 814 casum
575 781 703 814 mente
735 775 884 826 tulere,
916 775 1044 825 refer,

122 833 170 872 Et
201 845 316 884 grave
348 835 582 884 magnanimi
613 833 734 872 robur
766 835 907 871 mirare
939 833 1059 871 Rutili

180 891 265 930 Non
298 893 360 939 usi
392 892 540 930 reditus
573 892 800 930 condicione
833 891 934 930 dati.

58 960 101 990 65
124 950 286 1000 Smyrna
317 952 442 989 virum
477 951 630 1001 tenuit,
662 961 739 987 non
765 949 913 988 Pontus
947 954 985 988 et
1015 949 1164 987 hostica
1197 947 1339 999 tellus,

179 1007 305 1046 Paene
339 1010 468 1046 minus
499 1008 605 1047 nullo
639 1007 799 1058 Smyrna
832 1007 999 1058 petenda
1031 1007 1139 1045 loco.

123 1066 208 1104 Non
240 1066 363 1105 doluit
395 1068 517 1116 patria
551 1066 716 1117 Cynicus
748 1066 886 1116 procul
918 1077 1003 1104 esse
1037 1065 1253 1117 Sinopeus3

181 1123 291 1175 Legit
324 1126 426 1162 enim
461 1124 602 1176 sedes,
635 1125 760 1163 Attica
792 1130 926 1175 terra,
959 1129 1068 1163 tuas.

123 1183 235 1220 Arma
269 1182 472 1221 Neoclides
504 1184 571 1233 qui
603 1182 757 1221 Persica
789 1183 967 1221 contudit
998 1183 1138 1234 armis,

60 1250 103 1280 ΤΟ
183 1240 359 1290 Argolica
392 1242 556 1290 primam
589 1242 712 1279 sensit
743 1242 783 1278 in
815 1240 912 1279 urbe
945 1241 1097 1290 sugam.

124 1299 265 1337 Pulsus
298 1299 489 1337 Aristides
521 1300 644 1349 patria
676 1298 963 1337 Lacedaemona
995 1299 1116 1349 fugit,

183 1357 287 1395 Inter
320 1369 415 1407 quas
447 1357 637 1407 dubium,
671 1369 767 1407 quae
800 1359 907 1407 prior
939 1362 1071 1407 esset,
1105 1362 1209 1394 erat.

125 1415 248 1453 Caede
282 1427 378 1465 puer
411 1415 509 1453 sacta
542 1415 743 1453 Patroclus
775 1415 930 1466 Opunta
961 1415 1145 1466 reliquit,

181 1473 520 1523 Thessalicamque
553 1473 646 1511 adiit
677 1473 818 1524 hospes
850 1473 1009 1511 Achillis
1040 1473 1226 1511 humum.

60 1542 103 1571 75
124 1531 222 1570 Exul
255 1531 301 1569 ab
334 1531 543 1570 Haemonia
576 1531 757 1570 Pirenida
790 1533 908 1570 cessit
940 1531 986 1570 ad
1019 1531 1186 1581 undam,

183 1589 267 1635 Quo
300 1590 397 1628 duce
431 1589 536 1628 trabs
570 1589 711 1628 Colcha
743 1601 850 1628 sacra
883 1590 1060 1628 cucurrit
1091 1601 1211 1640 aqua.

126 1647 255 1698 Liquit
287 1648 524 1699 Agenorides
558 1648 714 1686 Sidonia
746 1650 897 1686 moenia
931 1647 1122 1700 Cadmus,

183 1706 351 1745 Poneret
383 1712 426 1744 ut
457 1719 590 1745 muros
622 1708 662 1744 in
694 1706 854 1745 meliore
887 1706 998 1745 loco.

126 1764 236 1803 Venit
268 1765 313 1802 ad
346 1764 554 1803 Adrastum
587 1764 741 1816 Tydeus
774 1764 965 1816 Calydone
999 1765 1177 1815 fugatus,

62 1831 105 1861 80
185 1822 230 1861 Et
263 1823 459 1861 Teucrum
491 1823 631 1862 Veneri
663 1828 770 1874 grata
801 1824 951 1874 recepit
980 1823 1146 1861 humus.

126 1880 224 1925 Quid
257 1882 421 1919 referam
456 1887 607 1920 veteres
639 1881 833 1920 Romanae
865 1883 992 1932 gentis
1012 1912 1022 1932 ,
1055 1880 1155 1932 apud
1189 1892 1287 1931 quos

184 1939 372 1978 Exulibus
407 1939 519 1978 tellus
552 1940 686 1978 ultima
718 1940 840 1979 Tibur
872 1937 989 1978 erat?

127 1997 345 2048 Persequar
371 2004 414 2037 ut
439 2004 626 2049 cunctos,
658 1998 754 2037 nulli
780 1999 892 2037 datus
919 1997 1099 2036 omnibus
1126 1998 1228 2036 aevis
1284 2005 1341 2037 (15)

185 2055 279 2094 Tam
311 2056 447 2107 procul
479 2069 498 2094 a
531 2058 655 2107 patria
687 2062 747 2095 est
776 2056 1020 2095 horridiorve
1052 2056 1181 2095 locus.

62 2121 105 2152 85
128 2113 210 2158 Quo
244 2116 363 2164 magis
396 2116 571 2165 ignoscat
603 2116 791 2166 sapientia
823 2120 951 2153 vestra
983 2113 1151 2164 dolenti,

185 2170 259 2216 Qui
294 2173 382 2211 facit
414 2185 458 2211 ex
491 2174 606 2212 dictis
638 2186 715 2212 non
748 2175 799 2212 ita
831 2173 951 2212 multa
983 2174 1084 2211 tuis.
1288 2191 1334 2200 -ο

128 2228 205 2268 Nec
240 2236 365 2268 tamen
398 2232 572 2283 infitior,
605 2233 637 2271 si
669 2233 821 2283 possint
853 2237 985 2270 nostra
1019 2232 1122 2270 coire

186 2287 351 2327 Vulnera
371 2320 381 2339 ,
414 2291 633 2341 praeceptis
665 2302 778 2342 posse
812 2291 916 2329 coire
949 2290 1049 2328 tuis.

81 2358 176 2384 ole
222 2361 278 2388 111.
1111 2356 1130 2387 9
