1575 2489
188 78 273 119 202
728 79 791 109 Ex
815 78 970 110 pomo

363 186 529 237 Exiguas
562 197 677 236 carpo
710 196 871 223 munere
903 197 1051 236 pauper
1084 198 1197 236 opes.

305 244 384 282 Nec
416 244 555 281 vestris
582 243 717 281 damus
743 242 838 281 haec
871 242 992 282 oculis
1012 274 1022 294 ,
1054 243 1191 294 procul
1218 242 1320 282 Urbe
1354 245 1516 282 remoti:

364 301 543 340 Contenti
576 302 691 339 tacita
724 300 792 339 sed
824 302 966 351 pietate
999 313 1155 339 sumus.

220 368 284 398 125
305 359 353 398 Et
384 366 513 397 tamen
545 358 639 397 haec
672 364 831 408 tangent
863 358 1067 409 aliquando
1101 359 1276 397 Caesaris
1309 371 1445 398 aures.

363 417 423 455 Nil
455 417 539 467 illi,
572 422 654 455 toto
688 417 791 467 quod
823 417 865 455 fit
896 418 936 455 in
968 417 1090 469 orbe,
1122 417 1236 455 latet.

305 475 361 514 Tu
397 480 503 513 certe
537 476 612 513 scis
644 474 745 525 hoc,
779 476 931 525 superis
963 476 1110 526 ascite,
1143 474 1352 526 videsque,

365 533 533 584 Caesar,
567 538 608 571 ut
641 539 700 571 est
731 532 853 571 oculis
885 532 1038 571 subdita
1069 539 1175 571 terra
1206 535 1306 571 tuis.

306 590 363 630 Tu
397 596 549 629 nostras
582 591 691 629 audis
724 592 825 629 inter
859 602 1027 629 convexa
1058 590 1206 629 locatus

220 658 284 689 130
366 648 499 687 Sidera
519 648 724 700 ,'sollicito
759 661 853 699 quas
885 649 1020 687 damus
1052 660 1147 700 ore,
1181 661 1340 699 preces.

308 706 556 756 [Perveniant
587 708 688 745 istuc
721 712 759 745 et
785 708 956 745 carmina
988 707 1150 745 forsitan
1180 706 1242 744 illa
1261 737 1271 757 ,

366 765 470 810 Quae
504 765 550 803 de
584 771 621 803 te
654 766 741 803 misi
773 765 908 804 caelite
941 765 1039 803 13613
1070 776 1169 802 novo
1186 763 1211 813 .]

306 824 486 873 Auguror
518 823 578 861 his
610 824 728 873 igitur
760 823 865 861 flecti
897 829 961 861 tua
993 824 1180 861 numina.
1236 834 1308 861 nec
1340 828 1382 861 tu

363 881 547 920 Inmerito
582 892 723 919 nomen
755 883 847 920 mite
880 882 1052 931 parentis
1085 879 1202 920 habes
1222 911 1230 919 .

820 1008 873 1054 X.

306 1112 408 1152 Haec
440 1112 534 1151 1111111
568 1112 774 1151 Cimmerio
807 1112 865 1151 bis
899 1114 1013 1150 tertia
1044 1112 1200 1150 ducitur
1232 1118 1357 1151 aestas

363 1170 493 1209 Litore
526 1170 678 1221 pellitos
710 1173 812 1209 inter
844 1170 990 1220 agenda
1022 1169 1159 1208 Getas.

305 1229 459 1280 Ecquos
492 1235 533 1267 tu
566 1229 723 1281 silices,
756 1229 935 1280 ecquod,
968 1229 1196 1279 carissime,
1229 1228 1375 1267 161111111

364 1287 536 1326 Duritiae
569 1287 753 1338 confers,
785 1286 1049 1337 Albinovane,
1081 1283 1224 1325 meae?

266 1354 284 1384 5
306 1345 422 1384 Gutta
455 1352 562 1384 cavat
593 1345 781 1396 lapidem:
827 1346 1069 1384 consumitur
1102 1344 1240 1383 anulus
1273 1356 1370 1383 usu:

365 1405 557 1442 Atteritur
588 1415 723 1454 pressa
755 1415 886 1442 vomer
918 1403 1092 1441 aduncus
1125 1403 1265 1441 humo.

305 1462 474 1512 Tempus
508 1461 602 1500 edax
635 1463 753 1512 igitur
784 1467 939 1512 praeter
971 1473 1041 1499 nos
1074 1463 1200 1499 omnia
1232 1460 1384 1511 perdit:
1438 1469 1512 1499 (131)

364 1519 498 1558 Cessat
530 1520 672 1558 duritia
704 1531 809 1558 mors
843 1531 996 1570 quoque
1028 1520 1128 1557 victa
1160 1531 1267 1557 mea.

305 1577 534 1628 Exemplum
567 1584 625 1616 est
657 1580 773 1616 animi
805 1578 967 1616 nimium
1000 1578 1182 1627 patientis
1214 1576 1368 1628 Ulixes,

246 1645 285 1674 10
364 1635 531 1674 Iactatus
564 1635 680 1674 dubio
713 1648 783 1686 per
815 1635 890 1674 duo
922 1635 1044 1674 lustra
1076 1636 1194 1674 mari.

305 1693 495 1744 Tempora
528 1693 682 1732 solliciti
714 1694 781 1732 sed
814 1705 891 1732 non
924 1700 1051 1732 tamen
1084 1695 1211 1732 omnia
1243 1694 1312 1732 fati

362 1751 557 1803 Pertulit,
590 1758 628 1791 et
659 1751 829 1803 placidae
862 1764 975 1803 saepe
1007 1752 1117 1790 111616
1149 1763 1305 1790 morae.

304 1810 361 1848 An
395 1822 508 1859 grave
541 1822 608 1849 sex
641 1811 751 1848 annis
783 1810 984 1861 pulchram
1017 1810 1157 1848 fovisse
1191 1809 1374 1861 Calypso,

362 1868 587 1919 Aeaeaeque
619 1868 693 1907 11111
724 1868 982 1907 concubuisse
1015 1866 1144 1907 deae?

242 1934 283 1965 15
303 1925 457 1977 Excipit
488 1926 725 1978 Hippotades
744 1957 754 1977 ‚
788 1928 854 1977 qui
886 1927 950 1965 dat
980 1939 1051 1977 pro
1083 1937 1245 1964 munere
1277 1931 1436 1977 ventos,

362 1984 506 2023 Curvet
537 1990 581 2023 ut
611 1984 787 2035 inpulsos
819 1984 925 2023 utilis
957 1996 1050 2023 aura
1082 1985 1213 2023 sinus.

303 2041 382 2081 Nec
415 2042 514 2081 bene
547 2044 738 2082 cantantis
770 2041 879 2081 labor
912 2048 971 2080 651
1001 2042 1135 2081 audire
1168 2041 1339 2092 puellas:

361 2100 442 2139 Nec
475 2100 696 2151 degustanti
728 2100 826 2139 lotos
859 2111 987 2138 amara
1018 2101 1118 2139 fuit.

305 2157 383 2197 Hos
417 2171 486 2209 ego
507 2189 517 2206 ,
550 2160 616 2209 qui
648 2160 795 2209 patriae
828 2159 970 2196 13613111
1001 2157 1169 2209 oblivia,
1202 2169 1317 2197 sucos

240 2223 283 2255 20
362 2216 475 2255 Parte
507 2228 614 2255 meae
647 2218 774 2268 vitae,
807 2217 839 2254 si
871 2216 983 2254 modo
1016 2215 1189 2266 dentur,
1224 2214 1368 2254 emam!

305 2273 401 2323 [Nec
434 2280 476 2313 tu
509 2274 721 2313 contuleris
754 2273 890 2313 urbem
922 2273 1195 2324 Laestrygonis
1228 2284 1411 2325 umquam
