1575 2489
499 68 557 102 IV.
585 76 680 100 V1111
701 69 872 100 49—121.
1267 66 1348 108 201

194 176 243 215 Et
274 180 404 215 teneat
435 175 577 226 glacies
609 177 742 226 iugera
775 175 895 214 multa
928 176 1040 215 freti.

116 234 240 273 <Haec
272 233 338 273 ubi
370 235 565 285 narrarit,
599 246 696 284 quae
729 235 779 273 sit
810 246 894 272 mea
926 234 1053 286 sama,
1087 235 1269 286 require,

195 291 357 342 Quoque
390 292 503 330 modo
535 304 716 343 peragam
748 297 924 343 tempora
956 292 1081 344 dura,
1113 305 1232 343 roga.

135 350 220 389 Non
253 362 388 389 sumus
420 350 484 388 hic
516 349 603 388 odio
623 381 633 401 ,
666 362 738 389 nec
771 350 921 389 scilicet
953 362 1038 389 esse
1072 363 1292 402 meremur,

71 417 114 448 90
192 408 272 447 Nec
305 420 393 447 cum
426 408 581 446 fortuna
613 420 722 447 mens
755 421 911 459 quoque
943 421 1054 448 versa
1086 421 1171 448 mea
1203 414 1284 448 est.

134 466 199 505 Illa
232 468 343 518 quies
375 467 521 517 animi,
555 478 670 517 quam
703 472 744 505 tu
776 466 933 506 laudare
967 467 1140 519 solebas,

194 524 260 563 Ille
293 530 404 563 vetus
438 524 550 563 solito
583 530 732 575 perstat
762 526 802 564 in
835 537 902 564 ore
934 525 1084 576 pudor.

137 582 218 632 [Sic
251 595 321 633 ego
354 595 441 621 sum
472 582 584 632 longe
604 613 615 634 ,
648 585 703 622 sic
735 583 798 622 hic
817 614 827 634 ‚
860 583 927 622 ubi
958 583 1148 623 barbarus
1180 584 1326 635 hostis,

193 640 243 680 Ut
275 642 355 680 fera
387 641 474 692 plus
507 641 657 680 valeant
688 641 839 692 legibus
873 643 1007 694 arma,
1039 643 1130 681 facit
1145 641 1174 694 ‚]

72 708 115 739 95
136 699 232 738 Rem
266 705 382 750 queat
414 705 457 739 ut
488 699 633 738 nullam
666 705 723 738 tot
754 701 859 752 iam,
891 699 1109 752 Graeciae,
1141 712 1212 751 per

860 770 981 796 annos
1278 765 1349 798 (129)

196 815 356 855 Femina
389 816 435 854 de
468 815 580 855 nobis
612 817 716 855 virve
748 828 894 866 puerve
927 817 1062 866 queri.

136 874 218 913 Hoc
251 875 370 926 facit,
402 880 446 913 ut
477 876 620 913 misero
654 875 806 913 faveant
837 874 1042 925 adsintque
1075 873 1272 914 Tomitae:

191 932 295 971 Haec
328 934 509 983 quoniam
542 932 657 971 tellus
689 932 932 971 testificanda
964 932 1059 971 mihi
1092 939 1172 972 est.

133 991 190 1030 Illi
223 1003 284 1029 me
303 1021 314 1042 ‚
347 992 436 1041 quia
468 990 564 1029 velle
598 990 757 1042 vident,
789 990 990 1029 discedere
1024 991 1195 1043 malunt3

49 1058 113 1089 100
192 1049 388 1100 Respectu
421 1050 585 1100 cupiunt
616 1049 679 1087 hic
711 1054 841 1087 tamen
874 1061 959 1088 esse
993 1051 1079 1088 sui.

132 1107 211 1146 Nec
244 1107 338 1146 mihi
371 1107 608 1146 credideris:
654 1112 787 1146 extant
818 1107 1003 1159 decreta,
1037 1107 1179 1159 quibus
1212 1120 1283 1147 nos

192 1165 340 1204 Laudat
372 1172 410 1204 et
441 1167 621 1204 inmunes
653 1165 809 1217 publica
841 1178 930 1204 cera
963 1167 1080 1205 facit.

135 1223 379 1263 Conveniens
410 1226 564 1263 miseris
597 1229 636 1262 et
669 1236 903 1275 quamquam
935 1224 1055 1275 gloria
1087 1236 1165 1263 non
1198 1227 1270 1277 sit,

191 1282 372 1321 Proxima
404 1283 495 1321 dant
526 1281 638 1321 nobis
672 1282 812 1333 oppida
844 1295 987 1322 munus
1019 1282 1143 1323 idem.

50 1349 114 1381 105
134 1341 214 1380 Nec
247 1342 370 1392 pietas
403 1342 534 1391 ignota
566 1353 650 1379 mea
683 1346 772 1381 est.
826 1341 931 1380 videt
962 1341 1115 1392 hospita
1147 1347 1251 1381 terra

193 1399 236 1438 In
269 1404 402 1438 nostra
435 1411 589 1438 sacrum
622 1399 798 1438 Caesaris
831 1411 916 1438 esse
949 1399 1086 1439 domo.

136 1458 247 1497 Stant
278 1459 424 1508 pariter
457 1462 649 1508 natusque
682 1459 771 1507 pius
803 1459 1053 1509 coniunxque
1085 1458 1290 1511 sacerdos,

191 1515 359 1555 Numina
390 1517 465 1554 iam
497 1516 598 1554 facto
631 1527 708 1554 non
740 1515 884 1554 leviora
917 1516 1012 1555 deo.

131 1574 215 1614 Neu
248 1574 348 1613 desit
378 1586 469 1625 pars
501 1573 578 1613 ulla
609 1573 774 1626 domuS,
808 1580 884 1613 stat
914 1580 1082 1626 uterque
1114 1581 1325 1628 nepotum,

49 1641 113 1673 110
192 1632 399 1671 Hic-aviae
433 1632 544 1671 lateri
576 1634 808 1685 proximus,
840 1632 903 1672 ille
934 1635 1079 1684 patris.

132 1691 201 1730 His
234 1703 304 1742 ego
337 1691 385 1730 do
418 1692 562 1730 totiens
595 1703 683 1730 cum
715 1696 803 1730 ture
836 1693 1035 1743 precantia
1069 1691 1208 1745 verba,

191 1749 271 1788 Eoo
306 1751 486 1800 quotiens
518 1751 643 1800 surgit
675 1749 721 1788 ab
754 1749 848 1788 orbe
882 1750 988 1789 dies.

134 1808 231 1847 Tota
257 1829 303 1835 —
334 1807 425 1846 licet
458 1819 620 1858 quaeras
645 1829 690 1835 —
721 1808 796 1847 hoc
829 1820 890 1847 me
923 1821 1000 1847 non
1032 1809 1179 1860 fingere
1212 1809 1315 1848 dicet

193 1866 319 1906 Officii
351 1867 464 1905 testis
496 1866 657 1905 Pontica
688 1871 794 1905 terra
826 1868 925 1905 mei.

49 1933 112 1965 115
132 1925 293 1964 Pontica
325 1936 386 1963 me
419 1924 562 1976 tellus,
596 1926 750 1975 quantis
782 1924 855 1963 hac
887 1936 1096 1975 possumus
1128 1937 1219 1978 ora,

190 1982 362 2022 Natalem
393 1982 495 2022 ludis
528 1984 601 2021 scit
633 1982 831 2023 celebrare
865 1983 949 2021 dei.

131 2041 210 2081 Nec
237 2043 364 2080 minus
396 2041 618 2092 hospitibus
648 2043 773 2092 pietas
805 2046 865 2080 est
897 2043 1050 2092 cognita
1081 2043 1192 2095 talis,
1273 2051 1348 2083 (130)

191 2100 295 2138 Misit
326 2101 365 2138 in
397 2099 466 2138 has
499 2101 631 2150 siquos
663 2100 777 2151 longa
808 2099 1017 2150 Propontis
1050 2112 1191 2151 aquas.

131 2157 167 2197 Is
201 2169 384 2209 quoque,
417 2170 492 2208 quo
525 2157 656 2196 laevus
689 2158 926 2212 fuerat-‘sub
964 2160 1142 2209 praeside
1174 2159 1347 2210 Pontus,

49 2224 112 2256 120
191 2216 369 2254 Audierit
399 2216 519 2255 frater
551 2217 714 2255 forsitan
745 2218 818 2255 ista
848 2222 966 2255 tuus.

131 2274 302 2314 Fortuna
335 2279 393 2313 est
424 2275 548 2325 impar
581 2276 737 2327 animo,
770 2274 914 2325 talique
946 2274 1113 2316 libenter
