1575 2489
544 91 603 123 IV.
631 99 706 124 vm
729 92 851 124 1—69.
1280 88 1361 130 197

208 198 305 237 Cum
336 210 408 249 pro
441 210 625 237 concessa
656 198 773 237 verba
806 198 928 237 salute
961 197 1120 237 damus.

150 256 226 295 Sed
259 258 354 309 qui,
387 268 501 307 quam
533 258 690 309 potuit,
722 257 786 296 dat
816 258 980 295 maxima
999 288 1010 308 ‚
1041 261 1175 307 gratus

873 314 1025 354 abunde
1058 320 1139 366 est,

205 372 255 411 Et
286 372 402 411 finem
433 373 557 423 pietas
590 374 751 424 contigit
782 373 845 412 illa
877 385 1016 412 suum.

147 430 255 482 Nec,
289 442 386 482 quae
419 430 466 469 de
496 443 613 482 parva
645 444 793 482 pauper
826 432 884 470 dis
915 431 1010 470 libat
1042 442 1198 480 acerra⁵

83 497 126 528 40
204 488 309 527 Tura
340 490 498 540 minus,
530 489 666 540 grandi
699 502 814 540 quam
846 490 933 529 data
964 489 1073 528 lance
1093 520 1102 536 ,
1135 488 1284 527 valent.

146 548 330 598 Agnaque
362 553 440 586 tam
471 547 618 586 lactens
637 579 648 599 ,
681 560 795 598 quam
827 549 1000 599 gramine
1032 553 1140 598 pasta
1172 547 1319 585 Falisco

206 604 368 643 Victima
400 605 586 656 Tarpeios
618 606 742 645 inficit
772 608 848 645 icta
880 607 1009 644 focos.

145 663 225 702 Nec
258 668 388 702 tamen
420 663 547 702 officio
580 669 709 703 vatum
740 676 811 715 per
843 666 1013 704 carmina
1044 664 1144 702 facto

204 721 454 772 Principibus
485 734 549 761 res
582 727 642 761 est
673 724 798 773 aptior
830 722 906 761 ulla
937 724 1052 761 viris.

83 787 125 817 45
147 779 325 818 Carmina
356 785 575 819 vestrarum
606 786 799 831 peragunt
829 782 1037 831 praeconia
1067 779 1248 830 laudum,

204 837 308 876 Neve
342 840 392 877 sit
424 844 599 877 actorum
631 839 729 877 fama
761 838 906 877 caduca
925 869 935 889 ‚
968 843 1126 876 cavent.

147 895 325 934 Carmine
358 897 400 934 fit
431 897 540 935 vivax
571 897 726 948 virtus,
759 908 976 948 expersque
1010 895 1208 946 sepulchri

203 954 388 992 Notitiam
421 966 529 993 serae
561 955 802 1005 posteritatis
834 954 973 993 habet.

145 1011 289 1050 Tabida
321 1014 517 1051 consumit
549 1012 697 1051 ferrum
729 1012 973 1064 lapidemque
1007 1018 1202 1063 vetustas,

82 1079 125 1110 50
204 1070 394 1121 Nullaque
426 1083 490 1110 res
522 1072 647 1110 maius
679 1076 856 1122 tempore
888 1071 1010 1109 robur
1042 1071 1177 1109 habet.

147 1128 300 1180 Scripta
332 1129 465 1168 serunt
496 1141 647 1168 annos.
703 1131 860 1180 scriptis
892 1130 1180 1180 Agamemnona

873 1189 1000 1239 nosti,
1077 1192 1079 1194 ’
1287 1196 1361 1228 (123)

203 1244 252 1284 Et
285 1246 463 1298 quisquis
496 1251 630 1284 contra
663 1245 723 1284 vel
755 1245 870 1284 simul
903 1257 1007 1284 arma
1039 1245 1151 1284 tulit.

146 1304 241 1349 Quis
275 1303 428 1342 Thebas
462 1310 688 1355 septemque
721 1304 840 1343 duces
881 1305 963 1342 sine
1002 1305 1173 1342 carmine
1206 1311 1362 1357 nosset,

203 1362 253 1400 Et
285 1362 473 1413 quidquid
504 1369 593 1413 post
625 1363 748 1414 haec,
781 1361 968 1413 quidquid
1002 1368 1040 1400 et
1071 1368 1158 1401 ante
1191 1361 1298 1401 fuit?

81 1428 124 1459 55
145 1419 190 1458 Di
224 1432 379 1471 quoque
413 1421 681 1472 carminibus,
714 1422 747 1459 si
779 1422 835 1459 fas
868 1427 927 1459 est
959 1420 1119 1473 dicere,
1152 1421 1273 1473 fiunt,

204 1478 403 1529 Tantaque
436 1480 615 1518 maiestas
647 1490 714 1517 ore
747 1480 920 1517 canentis
953 1485 1062 1529 eget.

147 1536 210 1575 Sic
244 1536 368 1575 Chaos
401 1548 447 1575 ex
478 1537 542 1575 illa
573 1543 734 1576 naturae
766 1537 866 1576 mole
898 1538 1043 1588 prioris

205 1594 405 1645 Digestum
436 1601 569 1646 partes
601 1597 746 1634 scimus
778 1595 921 1634 habere
956 1607 1068 1634 suas:

147 1652 210 1691 Sic
242 1653 481 1692 adfectantes
514 1653 693 1692 caelestia
725 1666 844 1704 regna
877 1653 1059 1705 Gigantes

83 1719 126 1750 60
204 1711 261 1749 Ad
295 1711 410 1762 Styga
442 1711 650 1751 nimbifero
683 1713 847 1751 vindicis
879 1713 967 1763 igne
1000 1712 1133 1751 datos:

148 1769 211 1808 Sic
243 1770 367 1808 victor
399 1769 551 1808 laudem
585 1773 778 1822 superatis
810 1770 928 1809 Liber
960 1769 1005 1809 ab
1038 1770 1167 1823 Indis,

204 1827 357 1866 Alcides
390 1834 500 1878 capta
530 1830 649 1867 traxit
680 1828 726 1866 ab
759 1828 962 1868 Oechalia.

147 1885 197 1924 Et
228 1886 341 1924 modo
361 1917 372 1937 ‚
406 1886 575 1938 Caesar,
608 1898 719 1925 avum
740 1918 750 1938 ,
782 1899 898 1937 quem
930 1889 1054 1926 virtus
1087 1887 1234 1926 addidit

873 1947 1011 1997 astris,

207 2001 419 2041 Sacrarunt
451 2002 578 2053 aliqua
611 2004 782 2042 carmina
813 2009 922 2054 parte
955 2009 1093 2043 tuum.

86 2068 127 2100 65
150 2060 285 2111 Siquid
319 2061 445 2100 adhuc
477 2062 597 2112 igitur
630 2063 734 2113 vivi,
767 2061 994 2100 Germanice
1016 2093 1026 2113 ,
1058 2067 1192 2101 nostro

206 2119 341 2158 Restat
371 2120 411 2157 in
442 2121 598 2170 ingenio
618 2151 629 2171 ‚
662 2121 805 2158 serviet
837 2132 950 2158 omne
982 2120 1076 2158 tibi.

147 2176 233 2215 Non
266 2182 377 2227 potes
409 2178 582 2217 officium
612 2180 710 2217 vatis
743 2183 994 2217 contemnere
1025 2183 1157 2218 vates:

206 2235 353 2274 Iudicio
385 2238 555 2287 pretium
587 2249 650 2276 res
682 2236 798 2276 habet
829 2238 903 2276 ista
935 2242 1025 2275 tuo.

150 2293 261 2339 Quod
293 2295 369 2333 nisi
400 2301 437 2333 te
469 2307 611 2334 nomen
642 2301 794 2334 tantum
827 2295 873 2334 ad
906 2297 1050 2334 maiora
1081 2301 1278 2347 vocasset,
