1601 2484
1359 85 1411 119 XI

193 195 518 246 Interpolationis
556 197 663 233 certa
699 194 842 233 indicia
873 195 995 233 Ibidis
1027 195 1119 232 libri
1149 197 1302 233 veteres
1334 207 1411 233 uno

75 257 231 293 tantum
261 255 302 292 in
332 255 416 292 loco
449 254 607 301 habent,
638 266 701 292 vv.
731 256 810 292 131
848 255 941 303 132,
975 253 1079 303 quod
1104 253 1299 291 distichon
1323 266 1412 291 cum

75 313 335 362 suspicionem
372 324 586 362 numquam
623 312 808 360 moverit,
850 312 891 349 in
928 312 1075 361 optimo
1113 314 1246 350 tamen
1282 311 1412 348 Ellisii

75 372 204 410 codice
225 370 260 409 G
285 371 414 419 abest,
448 367 709 408 substitutum
741 372 801 408 est
825 370 925 407 illud
949 371 1079 409 Finiat
1102 371 1171 408 illa
1196 371 1286 419 dies,
1318 381 1413 417 quac

76 434 109 468 te
132 431 225 469 milei
250 430 443 468 subtrahet
467 429 577 474 olim,·
602 429 732 466 Fmiet
750 430 819 467 illa
843 430 934 479 dies,
958 440 1054 476 quae
1079 430 1145 467 tibi
1165 429 1278 467 tarda
1302 430 1413 477 venit,

75 488 179 537 quod
218 488 260 526 in
296 487 493 537 plerisque
524 486 654 524 Ellisii
693 489 732 525 et
767 487 913 525 nostris
951 487 1062 524 libris
1099 487 1203 525 inter
1233 500 1294 525 vv.
1330 488 1413 524 130

76 550 116 585 et
156 548 235 585 131
277 546 334 584 ed.
372 547 547 593 nostrae,
598 545 638 582 in
681 557 758 583 uno
802 545 932 583 Ellisii
975 547 1014 582 et
1050 557 1137 582 meo
1183 545 1330 593 optimo
1377 545 1413 582 A

75 607 166 654 post
212 606 292 643 132
340 604 598 653 perscriptum
638 606 709 642 est.
782 603 855 642 hoc
901 603 1025 652 igitur
1069 603 1117 640 ab
1160 603 1322 640 Heinsio
1374 605 1415 640 et

76 663 256 701 Bentleio
289 662 466 711 spurium
496 662 693 710 habitum;
726 657 840 699 ‘nihil
865 657 1011 700 verius’
1044 661 1243 699 iudicante
1277 661 1415 699 Schra-

77 722 181 759 dero.
253 724 387 759 tamen
442 720 573 759 verius
623 721 695 758 hoc
744 722 857 769 puto,
909 722 1119 768 utrumque
1171 719 1414 757 subditivum

77 793 179 829 esse,
212 780 279 818 sed
311 780 480 817 alterum
509 778 806 827 interpolatoris
837 779 954 827 paulo
980 778 1263 826 prudentioris,
1296 789 1415 826 quam

78 839 144 889 qui
192 839 321 876 Fa'm'et
366 838 449 877 rell.
500 838 682 886 neglecta
738 848 924 874 versuum
974 838 1054 875 133
1103 838 1184 874 134
1234 836 1417 874 iunctura

78 897 300 946 scripserat.
408 895 511 945 quod
530 898 740 945 postquam
759 895 800 932 in
819 895 996 944 margine
1016 897 1244 944 correctum,
1263 896 1415 932 utrum-

77 969 151 1004 que
189 954 383 993 distichon
419 954 638 1003 promiscue
675 966 746 1002 per
782 953 904 991 libros
941 953 1134 991 traditum
1167 956 1243 1001 est,
1283 952 1416 990 ordine

79 1014 252 1062 variato3
284 1025 362 1062 qua
392 1025 434 1050 re
465 1012 615 1050 factum
647 1014 725 1060 est,
757 1014 803 1049 ut
835 1012 901 1061 qui
931 1012 1060 1050 Fz‘m’et
1090 1012 1175 1050 rell.
1209 1013 1299 1049 ante
1335 1012 1416 1049 133

79 1074 201 1110 nostr.
230 1071 286 1110 ed.
312 1071 549 1120 posuissent,
575 1071 648 1108 hoc
674 1070 869 1109 distichon
897 1071 978 1108 133
1010 1071 1091 1108 134
1118 1069 1419 1119 expungendum

76 1133 279 1180 putarent,
325 1130 372 1167 de
415 1142 490 1178 quo
528 1129 693 1178 posthac
730 1129 895 1168 dicetur.
968 1131 1085 1178 atque
1123 1129 1220 1166 haec
1257 1128 1416 1166 demum

78 1190 253 1228 violenta
284 1190 324 1227 et
356 1189 575 1226 deliberata
606 1190 666 1226 est
696 1187 1027 1236 interpolatorum
1058 1186 1316 1234 machinatio,
1348 1198 1420 1224 nec

79 1249 166 1296 ipsa
202 1247 328 1285 multo
367 1247 579 1294 recentior,
616 1248 660 1284 ut
697 1246 862 1294 posthac
898 1245 1122 1295 apparebit:
1162 1245 1420 1282 distichorum

80 1307 241 1343 illorum
277 1305 427 1343 fabrica
463 1305 624 1342 minime
657 1304 808 1352 dolosa,
847 1307 1045 1353 repertam
1085 1303 1188 1341 enim
1218 1304 1260 1341 in
1291 1303 1420 1341 codice

79 1365 293 1412 archetypo
336 1364 515 1401 lacunam
556 1363 677 1400 fuisse
716 1362 897 1401 arbitror.
969 1374 1087 1411 quam
1123 1362 1246 1400 fuisse
1284 1361 1418 1409 trium,

82 1435 160 1461 non
191 1423 358 1459 duorum
389 1434 574 1459 versuum
606 1421 739 1469 arguit
769 1421 867 1458 mihi
891 1434 925 1458 v.
956 1422 1050 1469 130,
1083 1420 1194 1458 cuius
1226 1420 1423 1458 sententia

81 1480 269 1530 insipida,
301 1492 427 1529 neque
459 1480 509 1517 ad
539 1492 602 1518 vv.
637 1481 718 1517 123
756 1480 856 1526 124,
894 1491 1020 1527 neque
1053 1479 1103 1516 ad
1134 1491 1196 1526 ea,
1230 1491 1329 1528 quae
1362 1490 1419 1516 se-

79 1542 267 1589 quuntur,
299 1540 395 1576 satis
428 1537 693 1585 adcommoda,
725 1537 793 1575 ubi
824 1537 962 1574 mortis
990 1537 1182 1586 supplicia
1206 1549 1284 1574 non
1309 1549 1423 1585 prae-

82 1599 210 1647 cipue,
255 1597 323 1635 sed
354 1597 580 1635 alternatim
626 1598 716 1645 post
754 1608 961 1634 aerumnas
999 1596 1105 1633 vitae
1148 1608 1210 1633 vv.
1251 1596 1331 1633 251
1374 1595 1423 1632 ad

83 1659 179 1705 274,
213 1658 295 1694 343
323 1655 373 1693 ad
400 1657 494 1704 361,
528 1656 610 1693 415
639 1654 689 1692 ad
714 1655 811 1703 432,
844 1655 926 1692 451
955 1653 1006 1692 ad
1026 1656 1123 1702 458,
1152 1655 1233 1692 537
1256 1653 1305 1691 ad
1326 1654 1423 1702 544,

83 1717 165 1754 561
199 1714 250 1753 ad
283 1715 364 1752 566
399 1714 692 1752 denuntiantur.

199 1773 446 1811 Lacunarum
495 1771 833 1810 resarciendarum
882 1771 1059 1820 pericula
1108 1770 1335 1819 saepissime
1384 1770 1426 1807 in

83 1832 279 1870 codicibus
311 1831 512 1870 veteribus
545 1843 568 1869 a
598 1830 787 1878 librariis,
820 1842 916 1878 quos
950 1829 1045 1867 alibi
1076 1829 1224 1867 vitasse
1255 1829 1354 1867 talia
1385 1831 1426 1866 et

82 1890 325 1940 perspexisse
357 1889 509 1939 videas,
547 1889 715 1927 maxime
747 1889 788 1926 in
818 1888 1010 1936 Ponticis,
1049 1888 1292 1926 exhibentur.
1368 1886 1426 1924 in-

84 1949 184 1987 dicia
226 1951 317 1987 sunt
355 1948 573 1986 sententiae
610 1947 793 1985 bifariam
831 1949 901 1984 aut
939 1946 1061 1995 aliqui
1098 1946 1294 1989 variatae,
1341 1945 1423 1983 sive

83 2008 124 2045 in
156 2007 322 2046 diversis
354 2007 466 2045 libris
500 2018 693 2055 seorsum,
727 2006 809 2044 sive
840 2005 881 2043 in
914 2005 1051 2043 eodem
1082 2005 1334 2042 continuatae
1366 2016 1425 2041 re-

84 2066 309 2115 periuntur3
347 2065 381 2103 si
412 2065 524 2113 ordo,
564 2077 639 2114 quo
672 2064 840 2113 positae,
879 2076 958 2101 non
989 2065 1160 2112 constat3
1200 2063 1233 2101 si
1263 2062 1426 2100 remotis

88 2126 142 2162 eis
169 2137 268 2173 quae
294 2124 532 2173 relinquitur
558 2123 696 2172 oratio,
721 2122 838 2160 hiscit
865 2124 904 2160 et
929 2122 1139 2170 claudicat,
1166 2121 1199 2158 si
1224 2120 1264 2158 in
1290 2120 1426 2158 eodem

87 2183 254 2221 disticho
286 2195 379 2232 pars
412 2183 538 2220 altera
570 2184 678 2229 utra,
709 2181 938 2218 hexameter
968 2181 1031 2218 vel
1063 2181 1325 2229 pentameter,
1358 2182 1428 2216 aut

87 2242 194 2280 varie
227 2243 425 2290 concepta,
457 2241 518 2279 uti
542 2241 663 2279 habes
694 2240 736 2278 in
762 2239 881 2277 Trist.
901 2239 921 2276 Ι
948 2247 1027 2277 VIII
1054 2240 1121 2288 33,
1154 2240 1223 2276 aut
1247 2238 1288 2276 in
1313 2238 1427 2276 bonis

83 2300 195 2339 libris
229 2300 374 2338 omissa
405 2301 476 2338 est.
