1575 2489
218 96 304 135 274
757 95 1010 128 FASTORUM

393 203 537 241 Fabula
568 204 768 253 proposito
801 202 905 241 nulla
936 202 1096 241 tacenda
1128 215 1237 241 meo.

249 268 324 300 545*
347 263 506 299 Arserat
536 262 688 299 Aeneae
719 260 814 298 Dido
848 260 1078 298 miserabilis
1108 263 1221 312 igne,

395 320 554 357 Arserat
586 320 796 356 exstructis
828 319 869 355 in
901 330 969 356 sua
1001 319 1076 357 fata
1109 320 1236 369 rogis3

337 376 661 426 Compositusque
694 377 791 414 cinis
810 407 821 428 ‚
852 376 1070 426 tumulique
1101 378 1141 414 in
1166 388 1358 414 marmore
1391 390 1546 417 carmen

395 433 476 472 Hoc
508 434 626 472 breve
645 465 656 485 ,
688 434 791 484 quod
822 436 992 472 moriens
1024 435 1106 484 ipsa
1138 434 1325 485 reliquit,
1358 441 1462 475 erate

340 489 544 530 ‘Praebuit
576 492 726 530 Aeneas
759 497 797 530 et
829 504 982 530 causam
1013 494 1149 530 mortis
1182 498 1221 531 et.
1253 504 1407 531 ensem.

254 559 319 589 550
398 550 485 600 Ipsa
517 562 585 588 sua
617 549 713 587 Dido
747 549 916 588 concidit
947 561 1015 588 usa
1047 546 1207 588 manu.'

336 608 520 646 Protinus
552 608 739 646 invadunt
769 607 956 646 Numidae
989 609 1072 646 sine
1105 608 1256 646 vindice
1287 620 1474 661 regnum,

395 666 444 704 Et
474 668 622 717 potitur
655 673 763 716 capta
796 665 954 704 Maurus
986 665 1094 703 Iarba
1126 666 1262 704 domo.

339 724 466 775 Seque
498 736 647 762 memor
679 729 854 775 spretum
873 755 884 775 ,
917 720 1114 763 ‘thalamis
1144 721 1293 763 tamen'
1326 726 1452 774 inquit

1322 778 1489 822 ‘Elissae

396 840 454 879 En
487 853 557 891 ego
576 871 586 891 ,
620 852 734 890 quem
767 841 910 878 totiens
941 839 1113 890 reppulit
1143 839 1234 891 illa,
1266 837 1419 879 fruor.'

251 905 316 937 555
337 898 551 949 Diffugiunt
583 898 717 950 Tyrii,
756 910 831 948 quo
865 910 1059 948 quemque
1098 900 1175 948 agit
1207 910 1346 950 error,
1384 906 1427 937 ut
1458 899 1548 937 olim

395 958 547 994 Amisso
580 956 718 994 dubiae
750 968 841 1006 rege
875 963 1061 1006 vagantur
1093 968 1210 1006 apes.

338 1014 468 1053 Tertia
500 1014 698 1052 nudandas
731 1020 933 1064 acceperat
965 1026 1051 1052 area
1084 1026 1253 1064 messes,

396 1072 517 1122 Inque
551 1084 663 1110 cavos
695 1073 821 1110 ierant
852 1073 966 1110 tertia
999 1078 1124 1110 musta
1156 1071 1285 1110 lacus:

337 1130 500 1168 Pellitur
532 1130 641 1168 Anna
673 1129 786 1167 domo
805 1160 817 1181 ‚
848 1129 1131 1180 lacrimansque
1164 1132 1312 1167 sororia
1343 1130 1483 1182 linquit

252 1197 318 1228 500
397 1187 575 1226 Moenia.
631 1199 836 1238 germanae
868 1189 969 1226 iusta
1001 1187 1064 1225 dat
1096 1193 1182 1225 ante
1216 1199 1330 1226 suae.

338 1246 455 1284 Mixta
487 1245 628 1284 bibunt
658 1245 794 1284 molles
825 1245 994 1284 lacrimis
1025 1251 1224 1295 unguenta
1255 1245 1402 1284 favillae

398 1304 551 1343 Vertice
583 1303 719 1342 libatas
753 1305 1026 1355 accipiuntque
1059 1316 1210 1342 comas.

339 1363 494 1413 Terque
528 1359 630 1400 ‘vale
652 1359 680 1401 !'
714 1362 840 1413 dixit,
872 1363 1024 1400 cineres
1056 1367 1117 1400 ter
1149 1362 1194 1400 ad
1227 1374 1294 1401 ora
1324 1362 1467 1402 relatos

396 1421 573 1472 Pressit,
606 1426 644 1459 et
675 1426 735 1459 est
765 1420 841 1458 illis
873 1422 952 1458 visa
984 1420 1145 1458 subesse
1178 1432 1311 1459 soror.

252 1488 318 1519 565
339 1479 486 1518 Nancta
518 1485 643 1517 ratem
675 1480 915 1529 comitesque
947 1479 1059 1529 fugae
1097 1478 1195 1529 pede
1227 1478 1370 1517 labitur
1403 1492 1548 1532 aequo,

397 1537 547 1575 Moenia
578 1538 792 1587 respiciens
811 1568 822 1588 ,
855 1536 967 1575 dulce
1000 1538 1146 1575 sororis
1178 1549 1298 1586 opus.

341 1595 495 1634 Fertilis
528 1601 587 1633 est
618 1595 747 1634 Melite
781 1594 904 1633 sterili
936 1596 1059 1632 vicina
1092 1594 1257 1645 Cosyrae

397 1653 525 1692 Insula
544 1685 554 1704 ,
588 1665 702 1703 quam
732 1652 866 1704 Libyci
897 1652 1075 1691 verberat
1106 1652 1208 1691 unda
1241 1653 1353 1692 freti.

339 1711 446 1750 Hanc
478 1712 604 1762 petit,
636 1711 803 1762 hospitio
836 1712 940 1761 regis
972 1711 1115 1749 confisa
1146 1716 1322 1750 vetusto.

253 1779 318 1808 570
398 1769 547 1820 Hospes
580 1781 697 1820 opum
729 1770 835 1807 dives
867 1781 934 1807 rex
966 1768 1020 1807 ibi
1051 1768 1185 1807 Battus
1218 1774 1322 1809 erat.

341 1828 416 1874 Qui
446 1834 653 1879 postquam
685 1827 820 1866 didicit
851 1839 963 1865 casus
995 1828 1201 1877 utriusque
1234 1829 1404 1880 sororis,
1493 1837 1548 1868 (99)

399 1882 543 1925 ‘Haec’
577 1887 704 1936 inquit
736 1883 871 1924 ‘tellus
904 1885 1258 1936 quantulacumque
1289 1891 1355 1925 tua
1387 1884 1490 1925 est.'

340 1944 389 1984 Et
420 1950 548 1983 tamen
580 1943 740 1995 hospitii
771 1950 964 1982 servasset
995 1944 1040 1982 ad
1072 1943 1207 1982 ultima
1238 1955 1403 1983 munus.

401 2002 476 2041 Sed
508 2004 636 2041 timuit
668 2014 825 2053 magnas
856 2001 1113 2053 Pygmalionis
1146 2013 1260 2052 opes.

255 2070 320 2100 575
344 2061 460 2112 Signa
491 2067 743 2100 recensuerat
775 2061 834 2099 bis
866 2061 922 2098 sol
954 2072 1049 2111 sua,
1080 2062 1220 2099 tertius
1252 2059 1332 2099 ibat

400 2121 534 2158 Annus
553 2151 563 2171 ‚
596 2125 635 2158 et
666 2119 779 2157 exilio
811 2124 916 2157 terra
948 2118 1115 2169 paranda
1147 2130 1244 2157 nova
1277 2123 1357 2157 est.

341 2178 476 2216 Frater
509 2178 644 2228 adest,
678 2177 856 2228 belloque
888 2178 1013 2228 petit.
1070 2188 1137 2215 rex
1171 2189 1275 2215 arma
1307 2188 1470 2227 perosus
1573 2195 1575 2210 i

401 2233 499 2274 ‘Nos
533 2247 667 2274 sumus
699 2235 884 2287 inbelles,
917 2240 959 2274 tu
991 2235 1080 2286 fuge
1113 2246 1246 2286 sospes
1268 2231 1296 2274 l'
1330 2236 1404 2274 ait.
1574 2283 1575 2288 ¹

342 2293 450 2333 Iussa
482 2294 609 2346 sugit,
641 2299 834 2346 ventoque
867 2300 989 2332 ratem
1022 2295 1228 2333 committit
1260 2299 1299 2332 et
1330 2292 1467 2332 undis.
1572 2295 1575 2351 j
