1575 2489
163 83 248 125 232
700 85 952 117 FASTORUM

339 191 435 230 Cum
466 191 597 242 tepido
629 196 800 230 vestrum
832 203 922 230 vere
953 192 1094 231 redibit
1125 205 1244 244 opus,

192 257 258 289 665
285 249 470 287 Rusticus
502 250 706 287 emeritum
737 249 822 299 palo
855 250 1066 300 suspendat
1096 257 1289 290 aratrum:

337 306 459 344 Omne
490 306 717 344 reformidat
747 306 885 356 frigida
915 307 1050 346 volnus
1081 307 1244 346 humus.

278 363 396 401 Vilice
416 393 426 413 ,
458 363 504 401 da
535 365 712 414 requiem
742 369 869 402 terrae
889 395 899 415 ,
932 370 1103 403 semente
1134 372 1313 416 peracta;

336 420 390 458 Da
421 422 597 471 requiem
628 426 773 459 terram
805 423 872 472 qui
903 422 1086 474 coluere,
1118 424 1232 461 viris.

277 478 402 528 Pagus
435 483 520 528 agat
551 479 716 517 festum:
759 491 899 529 pagum
931 479 1120 531 lustrate,
1153 480 1299 532 coloni,

193 544 258 575 670
336 535 385 573 Et
417 536 502 574 date
534 537 691 587 paganis
723 548 849 574 annua
879 536 955 575 liba
986 537 1104 576 fociS.

278 593 484 632 Placentur
516 594 671 644 frugum
702 599 846 632 matres
865 625 875 645 ,
906 594 1114 645 Tellusque
1147 594 1365 648 Ceresque,

336 650 364 688 F
369 663 454 689 arre
487 663 557 690 suo
589 651 766 702 gravidae
797 651 1090 702 visceribusque
1121 654 1223 691 suis.

281 708 460 747 Officium
493 721 698 748 commune
731 709 848 747 Ceres
880 715 918 748 et
949 709 1070 747 Terra
1101 715 1284 750 tuentur:

334 766 436 805 Haec
467 766 628 818 praebet
659 778 814 806 causam
846 767 1022 817 frugibus
1041 798 1052 818 ,
1082 767 1146 805 illa
1176 767 1326 806 locum.

190 832 255 862 675
277 824 486 863 Consortes
518 826 646 875 operis
664 855 675 876 ‚
707 837 778 876 per
809 837 904 876 quas
936 830 1111 863 correcta
1142 830 1337 877 vetustaS,

336 882 569 933 Quernaque
602 883 708 933 glans
740 884 841 921 victa
873 889 931 921 est
963 883 1116 921 utiliore
1149 882 1258 935 cibo,

276 939 470 990 Frugibus
500 942 700 978 immensis
732 940 861 978 avidos
893 942 1026 978 satiate
1059 940 1238 989 colonos,

334 997 383 1036 Ut
415 1000 567 1049 capiant
598 998 725 1036 cultus
756 1000 926 1048 praemia
958 998 1071 1048 digna
1104 1000 1185 1037 sui.

278 1054 352 1093 Vos
385 1055 471 1094 date
503 1062 714 1106 perpetuos
745 1058 891 1094 teneris
924 1055 1163 1094 sementibus
1195 1061 1354 1107 auctus,

190 1121 255 1151 660
333 1112 413 1151 Nec
445 1125 542 1151 nova
572 1125 642 1163 per
674 1113 817 1163 gelidas
849 1112 969 1150 herba
1001 1114 1050 1150 sit
1080 1118 1168 1151 usta
1199 1115 1329 1152 nives.

277 1170 372 1208 Cum
405 1172 600 1222 serimus,
633 1170 780 1209 caelum
812 1171 937 1208 ventis
969 1171 1115 1220 aperite
1148 1172 1320 1222 serenis3

335 1228 431 1266 Cum
462 1227 583 1279 latet,
616 1228 786 1266 aetheria
817 1229 986 1278 spargite
1019 1239 1151 1266 semen
1182 1240 1302 1278 aqua.

276 1285 378 1324 Neve
411 1298 546 1336 graves
579 1285 692 1324 cultis
725 1285 886 1324 Cerialia
918 1285 1045 1336 dona,
1078 1291 1208 1324 cavete
1227 1316 1238 1338 ,

333 1345 493 1394 Agmine
526 1343 678 1382 laesuro
711 1343 997 1394 depopulentur
1028 1355 1139 1382 aves.

189 1409 255 1440 685
278 1401 351 1439 Vos
384 1413 538 1452 quoque
557 1432 568 1452 ,
600 1402 782 1440 formicae
804 1433 813 1451 ‚
846 1401 1032 1439 subiectis
1064 1402 1210 1451 parcite
1242 1402 1395 1452 granis:

333 1459 427 1498 Post
458 1471 624 1497 messem
654 1459 818 1509 praedae
851 1460 959 1509 copia
989 1460 1110 1497 maior
1142 1460 1237 1497 erit.

275 1517 427 1556 Interea
459 1523 608 1555 crescat
640 1517 796 1555 scabrae
827 1516 1016 1566 robiginis
1048 1528 1209 1568 expers,

336 1575 416 1613 Nec
448 1576 538 1613 vitio
572 1574 666 1612 caeli
697 1574 836 1625 palleat
867 1585 980 1624 aegra
1012 1585 1145 1624 seges.

275 1632 324 1671 Et
355 1644 482 1682 neque
514 1632 666 1670 deficiat
697 1633 817 1670 macie
836 1663 847 1683 ,
878 1643 1004 1681 neque
1036 1632 1217 1682 pinguior
1249 1642 1371 1681 aequo

189 1698 255 1729 690
332 1689 484 1728 Divitiis
515 1695 649 1741 pereat
679 1689 877 1728 luxuriosa
909 1691 1012 1727 suis.

276 1747 324 1786 Et
356 1753 513 1786 careant
543 1747 644 1785 loliis
677 1747 808 1786 oculos
840 1746 1064 1785 vitiantibus
1097 1748 1204 1796 agri,

333 1805 412 1843 Nec
445 1805 587 1843 sterilis
619 1805 722 1844 culto
755 1810 889 1855 surgat
920 1816 1038 1842 avena
1070 1804 1174 1843 solo.

276 1863 468 1902 Triticeos
500 1864 600 1901 setus
633 1874 871 1913 passuraque
903 1862 1005 1900 farra
1036 1861 1095 1900 bis
1127 1863 1255 1912 ignem

333 1920 564 1971 Hordeaque
595 1922 745 1971 ingenti
775 1921 910 1958 fenore
941 1919 1078 1958 reddat
1108 1918 1220 1970 ager!

188 1986 254 2018 695
276 1978 379 2017 Haec
411 1991 481 2029 ego
513 1991 584 2029 pro
616 1978 724 2016 vobis
743 2010 753 2030 ‚
785 1978 880 2016 haec
910 1989 978 2015 vos
1010 1982 1138 2028 optate
1171 1976 1318 2028 coloni,

333 2036 563 2087 Efficiatque
596 2043 698 2075 ratas
730 2041 893 2086 utraque
927 2035 1012 2073 diva
1042 2046 1202 2084 preces.

274 2094 378 2132 Bella
411 2094 476 2133 diu
508 2101 670 2132 tenuere
702 2095 827 2132 viros:
869 2098 952 2131 erat
982 2094 1108 2143 aptior
1140 2093 1243 2130 ensis

333 2151 495 2190 Vomere
514 2183 524 2203 ‚
557 2151 719 2190 cedebat
750 2157 884 2190 taurus
917 2156 1045 2189 arator
1077 2162 1203 2200 equo:

276 2209 434 2248 Sarcula
467 2210 697 2261 cessabant,
729 2210 909 2259 versique
940 2209 980 2246 in
1012 2207 1088 2258 pila
1118 2208 1289 2259 ligones,

187 2274 253 2306 700
332 2267 525 2318 Factaque
559 2268 604 2306 (le
638 2269 752 2306 rastri
783 2266 956 2318 pondere
989 2267 1108 2304 cassis
1141 2272 1245 2304 erat.
