1575 2489
212 114 295 156 208
750 117 813 148 EX
836 116 993 150 PONTO

386 223 435 262 Et
466 223 624 274 longum
656 223 790 261 Getico
822 235 999 262 murmur
1030 225 1068 263 in
1102 237 1168 264 ore
1194 225 1290 264 fuit.

327 282 452 332 Atque
487 281 624 332 aliquis
657 278 823 319 ‘scribas
854 281 949 319 haec
981 294 1069 320 cum
1102 283 1147 321 de
1182 279 1383 333 Caesare’,

1050 340 1145 378 dixit
1461 349 1534 380 (139)

387 393 582 435 eCaesaris
614 397 777 447 imperio
809 397 1074 436 restituendus
1107 410 1192 436 eras
1208 395 1230 436 .’

328 454 394 492 llle
427 454 584 504 quidem
616 454 739 493 dixit.
796 455 863 493 sed
895 466 955 493 me
987 456 1091 507 iam,
1124 456 1217 494 Care
1238 487 1248 506 ,
1280 455 1395 494 nivali

264 520 307 550 40
387 511 501 550 Sexta
533 512 746 562 relegatum
779 512 916 551 bruma
947 512 1019 551 sub
1050 525 1119 551 axe
1152 514 1278 552 videt.

328 569 505 608 Carmina
536 569 590 608 nil
621 576 814 620 prosunt.
867 576 1086 609 nocuerunt
1117 573 1286 609 carmina
1319 571 1535 622 quondam,

386 628 592 678 Primaque
625 633 702 666 tam
733 629 898 666 miserae
931 640 1046 667 causa
1078 629 1186 667 fuere
1219 629 1354 680 fugae.

327 686 375 724 At
406 692 447 724 tu
466 716 477 737 ‚
509 698 578 736 per
610 686 730 724 studii
762 687 980 724 communia
1011 686 1166 724 foedera
1199 688 1324 738 sacri,

386 743 459 782 Per
491 756 568 782 non
599 743 672 782 vile
704 743 776 782 tibi
807 756 947 782 nomen
980 745 1192 795 amicitiae3

265 809 308 840 45
331 802 394 840 Sic
426 807 536 852 capto
569 801 687 840 Latiis
721 801 973 840 Germanicus
1005 802 1115 840 hoste
1148 803 1293 841 catenis

386 859 585 898 Materiam
617 861 757 898 vestris
790 859 939 898 adferat
970 861 1157 910 ingeniis:

330 918 392 956 Sic
424 917 574 956 valeant
605 919 745 968 pueri,
778 924 910 956 votum
941 930 1145 956 commune
1178 918 1361 969 deorum,

387 975 493 1021 Quos
524 975 606 1014 laus
638 975 860 1014 formandos
893 981 952 1014 est
983 975 1054 1014 tibi
1086 987 1221 1026 magna
1252 976 1384 1014 datos:

330 1033 480 1079 Quanta
512 1039 650 1084 potes,
683 1033 825 1083 praebe
858 1039 1012 1072 nostrae
1045 1039 1238 1072 momenta
1270 1033 1408 1081 saluti,

267 1100 308 1131 50
388 1091 492 1136 Quae
525 1092 600 1130 nisi
632 1096 779 1130 mutato
811 1091 915 1129 nulla
947 1092 1077 1130 futura
1109 1091 1193 1129 loco
1226 1097 1309 1130 est.

795 1217 945 1264 XIIII.

330 1323 432 1362 Haec
465 1323 535 1361 tibi
568 1324 804 1374 mittuntur,
839 1334 954 1373 quem
987 1334 1073 1361 sum
1105 1322 1219 1361 modo
1252 1324 1421 1361 carmine

1053 1386 1214 1431 questus

387 1439 472 1478 Non
505 1445 636 1490 aptum
667 1440 840 1478 numeris
873 1450 1014 1477 nomen
1045 1438 1188 1477 habere
1220 1440 1340 1478 meis:

330 1497 373 1536 In
405 1497 575 1548 quibus,
610 1503 768 1548 excepto
803 1497 905 1547 quod
938 1496 1063 1535 adhuc
1100 1502 1313 1547 utcumque
1347 1497 1539 1548 valemus,

389 1555 478 1606 Nil,
512 1567 571 1593 me
604 1560 805 1605 praeterea
838 1554 941 1605 quod
973 1556 1107 1604 iuvet,
1139 1556 1335 1593 invenies.

290 1622 310 1652 5
330 1613 415 1664 Ipsa
448 1625 603 1663 quoque
635 1618 695 1651 est
735 1613 856 1650 invisa
888 1612 990 1651 salus
1009 1644 1019 1664 ‚
1058 1618 1227 1663 suntque
1264 1612 1399 1651 ultima
1430 1618 1537 1664 vota,

391 1671 572 1716 Quolibet
604 1682 650 1708 ex
681 1671 767 1708 istis
799 1670 948 1709 scilicet
978 1671 1036 1708 ire
1068 1670 1184 1709 locis.

330 1729 442 1768 Nulla
474 1728 567 1767 mihi
599 1740 692 1767 cura
724 1734 810 1779 est,
843 1734 947 1766 terra
980 1740 1055 1778 quo
1089 1734 1216 1767 muter
1249 1728 1294 1767 ab
1327 1730 1424 1780 ista,

389 1787 467 1825 Hac
501 1788 588 1837 quia
607 1817 617 1837 ‚
651 1798 765 1837 quam
796 1786 906 1824 video
926 1817 938 1837 ‚
969 1788 1113 1837 gratior
1146 1788 1270 1825 omnis
1303 1788 1399 1825 erit.
1564 1831 1565 1835 Ἰ

330 1845 374 1883 In
407 1845 551 1883 medias
585 1844 746 1895 Syrtes,
778 1844 943 1882 mediam
976 1856 1060 1883 mea
1091 1844 1173 1883 vela
1205 1844 1424 1895 Charybdin
1467 1852 1539 1886 (140)
1566 1840 1568 1846 ¹

271 1911 312 1942 10
391 1903 558 1954 Mittite,
590 1904 787 1953 praesenti
818 1902 910 1941 dum
942 1914 1141 1941 careamus
1173 1902 1314 1941 humo.
1564 1895 1567 1903 ¹

333 1960 424 2012 Styx
457 1972 641 2012 quoque,
674 1960 802 2011 siquid
835 1972 878 1999 ea
910 1966 998 2012 est,
1029 1960 1128 1999 bene
1161 1960 1462 1999 commutabitur

1053 2018 1209 2070 Histro;
1551 2046 1575 2070 ,-

392 2077 527 2128 Siquid
561 2083 598 2115 et
629 2077 823 2128 inferius,
856 2088 970 2127 quam
1003 2075 1146 2128 Styga,
1178 2076 1348 2115 mundus
1379 2076 1515 2115 hahet.

333 2135 513 2173 Gramina
546 2135 672 2174 cultus
706 2147 824 2186 ager,
857 2135 980 2185 frigus
1011 2135 1141 2173 minus
1175 2134 1255 2173 odit
1287 2134 1477 2186 hirundo,
1548 2134 1551 2143 ¹

390 2194 570 2232 Proxima
601 2192 811 2232 Marticolis
844 2205 959 2243 quam
989 2191 1073 2231 loca
1105 2193 1205 2231 Naso
1238 2192 1367 2232 Getis.

271 2259 312 2289 15
333 2251 438 2289 Talia
471 2257 705 2290 succensent
736 2256 895 2302 propter
926 2250 1022 2289 mihi
1053 2250 1169 2289 verba
1200 2250 1397 2302 Tomitae,

390 2308 528 2359 Iraque
562 2309 797 2348 carminibus
829 2308 984 2360 publica
1011 2315 1113 2347 mota
1144 2310 1262 2348 meis.
