1575 2489
545 116 607 148 111.
636 116 831 148 ele-686.
1267 111 1350 153 277

197 223 391 261 Sustinuit
423 223 559 261 tacitas
592 223 772 261 conscius
805 223 927 260 amnis
960 233 1102 273 aquas,

135 280 221 332 Ipsa
252 281 359 331 loqui
389 281 470 318 visa
502 286 562 319 est
594 277 756 331 ‘placidi
783 292 869 318 sum
901 279 1067 330 nympha
1099 279 1275 318 Numici:

194 339 315 377 Amne
348 350 520 389 perenne
553 338 676 377 latens
707 339 816 376 Anna
847 338 1025 376 Perenna
1057 334 1216 376 vocor.'

48 405 114 437 655
134 397 319 435 Protinus
352 398 491 435 erratis
523 396 613 435 laeti
644 403 857 435 vescuntur
889 397 929 434 in
962 397 1089 448 agriS‚

194 454 243 493 Et
275 454 473 493 celebrant
505 454 610 505 largo
644 467 805 506 remque
838 455 1020 505 diemque
1053 465 1184 492 mero.

137 513 237 551 Sunt
269 512 412 563 quibus
444 512 539 551 11366
571 512 681 552 Luna
713 519 801 566 est,
842 514 931 564 quia
964 512 1163 551 mensibus
1196 511 1354 563 impleat

861 583 1028 623 annum3

193 629 288 668 Pars
320 629 486 668 Themin
505 661 516 682 ,
548 629 742 668 Inachiam
773 642 864 681 pars
895 635 1006 680 putat
1038 641 1123 667 esse
1156 628 1318 667 bovem.

134 687 310 726 Invenies
329 719 340 740 ,
373 689 439 738 qui
472 694 507 726 te
542 688 737 738 nymphen
769 688 962 726 Atlantida
994 687 1147 739 dicant,

48 755 114 786 660
194 746 326 796 Teque
360 746 439 784 Iovi
471 747 647 797 primos,
680 747 817 797 Anna,
850 746 1003 784 dedisse
1037 745 1168 784 cibos.

134 803 238 842 Haec
272 816 458 856 quoque,
491 816 606 855 quam
639 804 804 842 referam
824 836 834 856 ,
867 810 1020 842 nostras
1052 804 1231 854 pervenit
1261 803 1308 842 ad

861 874 975 900 aures

192 920 335 967 Fama,
369 932 440 959 nec
473 933 493 958 a
525 921 607 958 veri
639 919 801 958 dissidet
832 919 895 958 illa
927 920 1026 959 fide.

136 978 250 1017 Plebs
285 985 395 1017 vetus
427 984 466 1017 et
498 978 615 1016 nullis
648 980 860 1016 etiamtunc
891 984 975 1016 tuta
1007 977 1176 1017 tribunis

192 1036 336 1087 Fugit,
369 1043 407 1075 et
438 1038 478 1075 in
512 1036 622 1075 Sacri
653 1038 798 1075 vertice
832 1038 974 1075 montis
1008 1043 1116 1087 eget.

47 1104 113 1135 665
134 1094 212 1133 Iam
247 1107 401 1146 quoque
420 1126 431 1146 ,
465 1107 581 1146 quem
614 1107 747 1133 secum
780 1094 978 1146 tulerant,
1009 1095 1205 1134 defecerat
1236 1095 1321 1133 illos

194 1152 326 1192 Victus
358 1159 398 1191 et
429 1153 607 1191 humanis
640 1152 777 1191 usibus
809 1160 895 1204 apta
929 1153 1069 1192 Ceres.

133 1210 227 1250 Orta
259 1211 494 1250 suburbanis
527 1211 715 1262 quaedam
748 1212 820 1250 fuit
851 1213 958 1249 Anna
991 1211 1177 1263 Bovillis,

193 1269 374 1320 Pauper,
407 1270 475 1308 sed
508 1270 673 1308 mundae
708 1269 923 1308 sedulitatis
955 1282 1075 1309 anus.

135 1328 200 1366 llla
220 1360 230 1379 ‚
262 1328 335 1366 levi
369 1330 483 1366 mitra
515 1340 631 1366 canos
664 1328 843 1366 redimita
875 1328 1058 1379 capillos,

46 1395 113 1426 670
194 1386 382 1437 Fingebat
415 1386 578 1425 tremula
611 1388 757 1426 rustica
789 1386 864 1425 liba
896 1399 1036 1438 manu:

133 1445 259 1495 Atque
291 1447 344 1483 ita
376 1457 446 1495 per
476 1445 664 1495 populum
698 1445 883 1483 fumantia
915 1457 1027 1483 mane
1060 1444 1208 1484 solebat

192 1503 399 1541 Dividere.
451 1502 545 1541 haec
579 1503 720 1554 populo
754 1504 863 1553 copia
895 1509 1002 1554 grata
1034 1503 1129 1542 suit.

133 1560 230 1599 Pace
264 1561 368 1599 domi
400 1561 498 1599 sacta
531 1562 684 1611 signum
717 1573 915 1613 posuere,
946 1574 1159 1612 perennem

194 1619 304 1665 Quod
337 1619 412 1657 sibi
444 1619 607 1658 defectis
639 1619 702 1658 illa
734 1619 887 1658 tulisset
919 1632 1057 1671 opem.

47 1686 113 1717 675
134 1678 246 1716 Nunc
278 1678 372 1716 mihi
390 1709 401 1729 ,
434 1690 504 1716 cur
530 1684 713 1729 cantent,
746 1684 952 1730 superest,
979 1678 1146 1717 obscena
1178 1678 1347 1731 puellae,

193 1736 357 1774 Dicere.
414 1748 502 1775 nam
534 1743 677 1775 coeunt
708 1742 892 1787 certaque
924 1737 1067 1787 probra
1100 1744 1265 1776 canunt.

134 1794 268 1844 Nuper
300 1800 382 1832 erat
414 1794 484 1832 dea
517 1795 644 1833 sacta:
677 1796 781 1833 venit
813 1794 1002 1834 Gradivus
1035 1795 1080 1833 ad
1113 1796 1284 1847 Annam,

193 1852 241 1891 Et
273 1864 361 1891 cum
394 1852 553 1891 seducta
585 1852 674 1891 talia
705 1853 820 1891 verba
854 1853 967 1892 facit:

134 1907 286 1949 ‘Mense
319 1923 404 1949 meo
438 1911 578 1949 coleris
597 1943 607 1963 ‚
639 1912 748 1949 iunxi
779 1923 864 1949 mea
895 1919 1070 1963 tempora
1102 1917 1254 1951 tecum:

48 1977 114 2008 680
194 1969 341 2007 Pendet
373 1968 419 2007 ab
452 1969 578 2007 officio
612 1981 701 2020 spes
735 1970 828 2007 mihi
859 1982 995 2020 magna
1028 1977 1116 2009 tuo.

134 2028 301 2065 Armifer
333 2028 536 2066 armiferae
569 2034 774 2078 correptus
806 2040 936 2066 amore
967 2028 1162 2067 Minervae

194 2085 322 2137 Uror,
356 2092 394 2124 et
426 2086 499 2124 hoc
531 2085 646 2136 longo
679 2093 854 2137 tempore
887 2086 1023 2125 volnus
1056 2086 1138 2126 310.

134 2143 253 2182 Effice
273 2176 284 2195 ‚
315 2144 354 2182 di
387 2144 515 2182 studio
547 2144 692 2183 511111165
725 2157 906 2183 6063111115
937 2146 978 2183 111
1010 2157 1154 2184 111111111.

192 2202 438 2241 Conveniunt
469 2210 599 2254 partes
631 2203 724 2241 haec
757 2202 857 2255 tibi,
889 2205 1010 2241 comis
1042 2199 1184 2242 anus.'

48 2267 112 2299 685
134 2260 318 2299 Dixerat.
375 2260 438 2298 illa
470 2261 586 2300 deum
618 2262 810 2312 promisso
843 2261 941 2300 ludit
973 2263 1100 2313 inani,

193 2319 241 2358 Et
273 2319 430 2358 stultam
462 2319 578 2358 dubia
611 2332 720 2371 spem
755 2319 870 2359 trahit
902 2332 1026 2373 usque
1060 2333 1189 2359 mora.
