1601 2484
203 465 232 493 fi

314 499 610 554 TRISTIUM
648 498 829 552 LIBER
866 494 1115 550 PRIMUS.

700 625 734 670 I.

171 720 290 759 Parve
311 752 321 771 ,
353 731 425 757 nee
451 719 635 770 invideo,
669 719 752 756 sine
778 729 866 767 me,
898 715 997 753 liber
1015 745 1025 765 ‚
1058 713 1131 752 ibis
1158 714 1197 751 in
1218 711 1386 751 Urbem.

171 779 217 817 Ei
249 778 371 829 mihi,
405 777 507 828 quod
541 777 696 814 domino
732 787 808 813 non
840 774 932 812 licet
962 775 1019 811 ire
1052 771 1147 810 tuo!

172 836 274 874 Vade
296 867 307 887 ‚
340 836 406 873 sed
440 835 641 886 incultus,
674 833 827 884 qualem
860 832 972 870 decet
1004 830 1128 868 exulis
1161 841 1270 868 esse:

173 894 310 932 Infelix
342 893 515 931 habitum
547 893 736 942 temporis
767 890 886 929 huius
917 889 1040 928 habe.

132 962 152 991 5
173 953 252 991 Nec
284 959 322 991 te
354 964 553 1002 purpureo
585 950 716 988 velent
746 950 916 987 vaccinia
949 948 1038 986 fuco
1066 968 1114 975 —

173 1011 257 1049 Non
290 1016 349 1048 est
381 1011 616 1048 conveniens
647 1007 818 1046 luctibus
850 1006 912 1044 ille
946 1006 1052 1044 color
1079 1027 1133 1032 —

173 1069 253 1107 Nee
286 1068 421 1107 titulus
454 1069 572 1105 minio
592 1099 602 1119 ,
633 1079 706 1105 nec
738 1066 854 1104 cedro
888 1064 1020 1102 charta
1052 1068 1238 1114 notetur,

177 1127 345 1165 Candida
376 1138 449 1164 nec
482 1127 590 1176 nigra
623 1137 769 1163 cornua
802 1125 930 1161 fronte
963 1134 1097 1172 geras.

177 1185 324 1223 Felices
358 1190 498 1222 ornent
529 1184 623 1221 haec
655 1184 915 1221 instrumenta
949 1180 1123 1218 libellos:

118 1252 157 1282 10
179 1243 372 1281 Fortunae
405 1253 619 1280 memorem
650 1247 688 1279 te
721 1241 834 1278 decet
866 1251 951 1277 esse
983 1250 1115 1276 meae.

177 1301 256 1339 Nee
288 1300 414 1351 fragili
445 1301 621 1350 geminae
653 1298 849 1350 poliantur
881 1298 1035 1348 pum'1ee
1068 1296 1216 1334 frontes
1235 1324 1246 1343 ,

178 1358 362 1397 Hirsutus
395 1360 541 1408 sparsis
573 1364 617 1396 ut
648 1357 801 1395 videare
836 1357 979 1394 comis.

176 1416 279 1454 Neve
312 1416 517 1454 liturarum
549 1415 720 1466 pudeat.
766 1416 832 1464 qui
864 1413 1004 1451 viderit
1035 1412 1144 1463 illas,

179 1474 231 1513 De
263 1474 431 1512 lacrimis
465 1474 583 1512 factas
616 1473 759 1510 sentiet
790 1484 875 1509 esse
908 1472 1027 1508 meis.

117 1542 158 1572 15
180 1532 281 1570 Vade
301 1564 311 1583 ‚
342 1531 470 1583 liber,
502 1530 709 1581 verbisque
744 1531 840 1568 meis
872 1529 954 1567 loca
987 1535 1094 1579 grata
1127 1527 1272 1566 saluta:

179 1591 406 1641 Contingam
440 1595 546 1628 certe
579 1601 654 1639 quo
687 1588 778 1627 licet
809 1587 872 1626 illa
904 1586 1025 1638 pede.

184 1646 340 1698 Siquis,
375 1650 419 1684 ut
456 1647 496 1683 in
534 1644 701 1696 populo,
740 1645 865 1683 nostri
910 1657 987 1683 non
1020 1646 1213 1682 inmemor
1244 1643 1322 1694 illi,

184 1706 339 1755 Siquis,
377 1705 466 1755 qui,
505 1703 597 1754 quid
636 1714 767 1755 agam,
805 1703 905 1741 forte
958 1704 1163 1753 requirat,
1196 1702 1294 1753 erit,

178 1764 316 1803 Vivere
348 1776 410 1802 me
442 1764 547 1802 dices
566 1795 576 1814 ‚
609 1762 755 1801 salvum
787 1767 915 1800 tamen
949 1773 1034 1799 esse
1067 1759 1249 1811 negabis3

115 1832 159 1862 20
179 1823 220 1861 ld
254 1834 440 1874 quoque,
472 1822 574 1872 quod
607 1823 762 1868 vivam,
795 1831 937 1858 munus
970 1819 1113 1857 habere
1146 1818 1231 1856 dei.

179 1883 304 1932 Atque
336 1882 387 1919 ita
421 1886 461 1919 tu
494 1881 664 1931 tacimS,
697 1880 900 1929 quaerenti
933 1878 1043 1928 plura
1075 1876 1285 1928 legendus,

179 1939 263 1991 Ne,
296 1951 394 1989 quae
427 1950 505 1976 non
538 1950 636 1989 opus
669 1944 760 1989 est,
792 1938 891 1975 forte
924 1936 1113 1987 loquare,
1146 1933 1260 1973 cave!

179 1998 364 2036 Protinus
396 1996 619 2035 admonitus
651 2001 804 2046 repetet
835 2007 919 2033 mea
952 1995 1115 2033 crimina
1146 1993 1293 2044 lector,

180 2056 230 2094 Et
260 2067 423 2106 peragar
455 2054 588 2106 populi
618 2053 798 2105 publicus
831 2065 897 2092 ore
931 2065 1045 2091 reus.

116 2123 159 2152 25
181 2114 239 2152 Tu
273 2125 362 2152 cave
395 2113 579 2152 defendas
600 2144 610 2164 ‚
643 2113 816 2163 quamvis
849 2111 1078 2150 mordebere
1111 2109 1249 2148 dictis:

183 2172 305 2210 Causa
337 2173 551 2222 patrocinio
584 2183 662 2209 non
693 2171 794 2209 bona
820 2172 929 2221 peior
961 2171 1059 2207 erit.

182 2230 360 2268 Invenies
393 2229 590 2281 aliquem,
623 2230 690 2280 qui
723 2241 783 2267 me
817 2229 987 2278 suspiret
1020 2226 1272 2278 ademptum,

182 2289 360 2327 Carmina
391 2300 463 2326 neo
495 2289 608 2326 siccis
640 2287 814 2339 perlegat
845 2288 918 2325 ista
950 2286 1084 2338 genis,

136 2361 241 2387 ovn).
272 2361 329 2387 111.
1167 2353 1184 2385 1
