1575 2489
617 59 676 91 VI.
706 60 899 92 195—251.
1346 55 1430 96 339

210 166 318 205 Hanc
350 178 420 217 ego
453 178 541 205 611111
574 165 712 205 vellem
743 177 888 216 genero
921 165 1013 204 dare
1032 197 1043 217 ,
1075 171 1251 216 tempora
1282 164 1407 204 taedis

269 225 366 276 Apta
396 224 675 276 requirebam,
709 236 886 275 quaeque
920 223 1088 262 cavenda
1122 224 1273 263 forent:

212 283 310 322 Tum
343 282 437 321 mihi
469 288 557 334 post
589 294 718 322 sacras
749 287 992 321 monstratur
1023 282 1158 321 Iunius
1191 282 1283 321 Idus

270 340 382 379 Utilis
415 346 454 379 et
485 343 647 393 nuptis,
679 340 787 380 utilis
819 353 904 379 esse
938 342 1056 393 viris3

126 408 191 439 225
212 399 420 450 Primaque
451 411 541 450 pars
573 399 691 438 huius
724 399 901 438 thalamis
934 399 1058 438 aliena
1089 403 1244 450 reperta
1277 404 1359 437 est.

270 457 367 496 Nam
398 457 492 496 mihi
525 459 581 497 sic
613 459 783 497 coniunx
815 463 948 497 sancta
980 457 1097 496 Dialis
1130 459 1205 496 ait:

213 512 365 554 ‘Donec
398 515 444 554 ab
478 516 591 555 Iliaca
622 516 797 567 placidus
830 518 1058 567 purgamina
1092 515 1203 554 Vesta

271 573 464 613 Detulerit
494 574 601 613 ssavis
633 577 672 613 in
704 587 810 613 mare
843 574 1010 626 Thybris
1043 576 1176 625 aquis,

213 632 298 671 Non
330 633 425 671 mihi
457 632 619 672 detonso
652 635 781 672 crines
813 633 1020 684 depectere
1053 632 1178 679 buxo,
1380 653 1429 659 —

127 700 194 731 230
274 691 359 729 Non
392 703 544 742 ungues
577 691 681 730 ferro
716 691 963 730 subsecuisse
997 691 1107 743 licet3

214 749 299 788 Non
327 750 500 800 tetigisse
527 751 677 802 virum,
705 751 878 800 quamvis
906 749 1004 788 Iovis
1030 749 1094 787 ille
1122 748 1327 800 sacerdos,
1358 757 1433 789 (201)

274 807 456 852 Quamvis
488 813 678 859 perpetua
711 810 761 846 sit
793 808 887 846 mihi
919 808 1002 858 lege
1035 808 1172 846 datus.

215 866 273 904 Tu
307 878 462 917 quoque
495 879 543 904 ne
576 878 770 917 propera.
828 865 967 904 melius
1001 871 1066 904 tua
1098 865 1173 904 filia
1207 864 1354 917 nubet,

274 924 390 975 Ignea
422 937 510 963 cum
542 936 641 975 pura
674 923 787 963 Vesta
819 923 959 963 nitebit
990 920 1156 963 hum0.'

693 1016 729 1056 7.
762 1015 843 1057 FN

129 1108 195 1140 235
217 1099 347 1138 Tertia
379 1105 468 1149 post
499 1098 629 1137 Nonas
661 1111 863 1138 removere
896 1098 1073 1150 Lycaona
1105 1098 1260 1137 Phoebe

276 1157 446 1209 Fertur,
479 1162 518 1196 et
549 1170 569 1195 a
602 1163 711 1209 tergo
744 1169 823 1196 non
854 1157 971 1196 habet
1002 1157 1100 1196 Ursa
1133 1162 1302 1196 metum.

216 1215 327 1254 Tunc
359 1228 430 1266 ego
463 1227 524 1254 me
557 1218 716 1255 memini
747 1216 859 1255 ludos
892 1218 932 1254 in
963 1217 1137 1267 gramme
1170 1215 1302 1267 Campi

275 1275 461 1326 Aspicere
495 1280 533 1313 et
565 1274 670 1326 diei,
702 1274 852 1313 lubrice
886 1274 1062 1327 Thybri,
1095 1280 1207 1313 tuos.

217 1333 329 1372 Festa
362 1333 445 1371 dies
477 1332 582 1385 illis,
616 1334 683 1385 qui
715 1333 791 1372 lina
825 1333 1019 1372 madentia
1052 1333 1225 1384 ducunt,

131 1400 196 1431 240
278 1391 431 1443 Quique
464 1397 603 1442 tegunt
634 1393 763 1443 parvis
796 1403 885 1431 aera
916 1404 1081 1430 recurva
1113 1391 1232 1430 cibis.

453 1483 491 1524 8.
524 1481 610 1524 GN
636 1493 1084 1524 MENT101N·CAP1T

217 1566 326 1605 Mens
359 1578 514 1617 quoque
541 1579 686 1605 numen
714 1567 853 1606 habet.
904 1566 1044 1606 Mentis
1071 1566 1233 1606 delubra
1263 1565 1439 1606 videmus

277 1624 370 1664 Vota
403 1631 509 1663 metu
542 1625 662 1678 belli,
694 1625 842 1677 perfide
874 1625 1035 1678 Poene,
1067 1627 1147 1664 tui.

220 1682 348 1722 Poene
382 1683 619 1735 rebellaras,
653 1689 692 1723 et
723 1684 800 1723 leto
834 1684 1006 1723 consulis
1039 1696 1174 1722 omnes

277 1743 440 1780 Attoniti
472 1741 625 1781 Mauras
657 1745 897 1793 pertimuere
930 1755 1092 1781 manus.

132 1808 198 1839 245
221 1800 338 1852 Spem
372 1805 499 1839 metus
532 1800 761 1852 expulerat:
806 1813 895 1840 cum
927 1801 1047 1840 Menti
1080 1806 1166 1839 vota
1198 1806 1357 1840 senatus

278 1858 478 1909 Suscipit.
524 1865 563 1898 et
594 1859 732 1898 melior
763 1861 945 1911 protinus
976 1859 1040 1897 illa
1073 1861 1199 1898 venit.

219 1918 367 1968 Aspicit
400 1919 590 1957 instantes
622 1917 761 1957 mediis
794 1930 861 1956 sex
892 1917 1046 1956 lucibus
1078 1917 1170 1957 Idus

279 1975 345 2014 Illa
377 1976 483 2030 dies,
517 1989 591 2028 qua
625 1981 716 2016 sunt
747 1982 836 2016 vota
867 1975 994 2015 soluta
1026 1975 1142 2015 deae.

436 2068 475 2109 9.
508 2067 550 2108 Η
577 2066 742 2109 VEST
769 2078 1109 2110 FER-VESTAE

219 2150 362 2204 Vesta,
396 2151 508 2191 fave!
554 2151 625 2191 tibi
656 2164 760 2191 nune
793 2156 951 2203 operata
982 2150 1215 2191 resolvimus
1247 2164 1336 2203 ora,

132 2218 198 2249 ‘250
277 2211 333 2249 Ad
367 2215 433 2249 tua
466 2212 498 2249 si
530 2210 643 2249 1101115
675 2222 784 2250 sacra
816 2212 948 2249 venire
980 2209 1093 2250 licet.

219 2268 263 2307 In
295 2281 412 2320 prece
446 2274 552 2308 totus
584 2281 716 2309 eram:
760 2269 942 2308 caelestia
968 2270 1127 2308 numina
1160 2271 1288 2321 sensi,

1159 2333 1232 2370 22*
