1601 2484
563 100 591 132 1.
616 108 632 132 1
654 102 802 133 102-11
821 102 876 133 43.
1359 97 1386 138 5

171 207 315 247 Oderat
346 207 503 246 Aenean
534 208 694 258 propior
727 207 907 246 Saturnia
940 207 1097 247 Turno:

170 265 236 304 Ille
268 273 396 304 tamen
430 265 590 304 Veneris
623 267 781 304 numine
814 271 921 304 tutus
955 270 1060 305 erat.

173 324 294 375 Saepe
327 324 437 362 ferox
468 329 625 362 cautum
657 325 769 374 petiit
794 323 999 375 Neptunus
1034 323 1192 364 Ulixen:

108 390 151 420 10
170 381 326 433 Eripuit
357 387 494 433 patruo
528 393 642 431 saepe
674 381 846 420 Minerva
877 394 971 421 suo.

170 439 219 478 Et
250 440 362 478 nobis
394 439 546 490 aliquod
568 471 579 491 ‚
612 441 786 490 quamvis
818 440 1007 478 distamus
1039 439 1085 478 ab
1117 439 1219 491 illis,

171 498 266 543 Quis
297 502 401 537 vetat
432 500 530 536 irato
563 510 708 536 numen
741 498 878 537 adesse
910 495 1016 536 deo‘?

170 555 294 594 Verba
326 558 445 594 miser
477 557 623 594 frustra
655 568 732 594 non
764 557 1006 607 proficientia
1041 555 1162 606 perdo
1177 589 1187 593 i,

170 614 257 664 Ipsa
287 626 423 665 graves
457 620 646 665 spargunt
678 626 745 653 ora
776 614 972 665 loquentis
1004 625 1150 666 aquae,

108 680 149 710 15
172 672 453 723 Terribilisque
486 678 602 711 notus
633 674 751 711 iactat
781 685 865 711 mea
897 672 998 710 dicta
1017 702 1028 723 ,
1063 683 1278 722 precesque

171 731 225 769 Ad
260 743 357 782 quos
391 732 629 782 mittuntur,
660 742 737 769 non
770 732 861 768 sinit
892 731 949 768 ire
982 730 1098 768 deos.

171 788 274 839 Ergo
306 789 408 827 idem
440 791 575 840 venti,
608 801 656 827 ne
683 800 798 827 causa
828 788 959 826 laedar
990 790 1030 826 in
1062 800 1163 840 una,

171 846 338 898 Velaque
372 848 503 885 nescio
537 859 613 898 quo
645 852 810 897 votaque
842 851 977 885 nostra
1008 847 1162 884 ferunt.

171 904 231 943 Me
264 907 450 943 miserum
469 936 480 956 ,
514 906 647 956 quanti
679 910 830 943 montes
862 904 1071 943 volvuntur
1103 903 1314 955 aquarum!

106 971 149 1002 20
170 962 249 1001 Iam
282 965 356 1001 iam
390 968 563 1001 tacturos
596 963 722 1001 sidera
754 975 905 1001 summa
936 969 1074 1014 putes,

170 1021 343 1066 Quantae
376 1021 534 1060 diducto
568 1020 775 1060 subsidunt
807 1033 976 1072 aequore
1008 1020 1151 1060 valles!

170 1079 249 1118 Iam
282 1081 357 1118 iam
389 1085 560 1118 tacturas
593 1079 752 1118 Tartara
785 1081 895 1130 nigra
926 1085 1063 1130 putes.

168 1138 422 1189 Quocumque
454 1139 598 1189 aspicio
617 1168 628 1189 ,
660 1137 755 1176 nihil
788 1143 847 1176 est
878 1139 954 1176 nisi
985 1143 1129 1189 pontus
1162 1142 1201 1176 et
1232 1140 1324 1189 aer,

169 1196 371 1235 Fluctibus
403 1195 465 1234 hic
497 1196 697 1247 tumidus,
729 1195 900 1235 nubibus
930 1196 994 1235 ille
1026 1197 1179 1235 minax.

107 1263 149 1293 25
170 1253 276 1293 Inter
308 1260 523 1304 utrumque
555 1255 727 1292 fremunt
758 1255 904 1292 inmani
936 1266 1136 1293 murmure
1169 1255 1296 1292 venti.

168 1312 332 1364 Nescit,
364 1314 427 1351 cui
460 1313 614 1350 domino
646 1318 809 1364 pareat,
840 1312 943 1351 unda
976 1313 1115 1351 maris.

167 1371 262 1408 Nam
295 1370 408 1408 modo
440 1382 641 1421 purpureo
673 1372 777 1409 vires
809 1372 912 1422 capit
944 1383 1062 1409 eurus
1089 1370 1136 1409 ab
1169 1376 1284 1422 ortu,

168 1428 279 1467 Nunc
311 1428 504 1479 zephyrus
537 1439 624 1466 sero
658 1440 820 1479 vespere
854 1430 998 1467 missus
1031 1429 1161 1479 adest,

166 1486 279 1525 Nunc
312 1488 414 1524 sicca
446 1485 595 1537 gelidus
627 1486 765 1525 boreas
798 1486 1010 1525 bacchatur
1042 1487 1087 1526 ab
1121 1492 1255 1539 arcto,

103 1554 146 1584 30
166 1544 278 1583 Nunc
311 1550 426 1583 notus
459 1544 618 1583 adversa
650 1544 797 1596 proelia
830 1545 958 1583 fronte
990 1547 1113 1596 gerit.

167 1603 311 1642 Rector
342 1604 381 1641 in
414 1605 564 1641 incerto
597 1609 684 1655 est,
716 1615 788 1642 nec
822 1603 915 1654 quid
948 1604 1116 1653 fugiatve
1148 1608 1300 1654 petatve

167 1661 348 1700 Invenit:
381 1661 570 1711 ambiguis
603 1673 665 1700 ars
699 1668 830 1712 stupet
861 1663 944 1713 ipsa
977 1661 1109 1701 malis.

168 1719 326 1758 Scilicet
359 1719 602 1771 occidimus,
639 1732 711 1758 nec
743 1732 833 1770 spes
866 1727 926 1759 est
957 1720 1033 1758 ulla
1066 1720 1230 1773 salutis,

166 1778 345 1829 Dumque
378 1778 516 1828 loquor
536 1808 547 1829 ‚
578 1778 707 1817 vultus
740 1778 872 1817 obruit
907 1779 1010 1817 unda
1041 1790 1172 1817 ineos.

102 1845 145 1876 35
167 1836 372 1888 Opprimet
402 1836 502 1875 hanc
539 1838 705 1875 animam
743 1837 885 1876 fluctus
907 1869 918 1889 ,
951 1838 1175 1888 frustraque
1206 1839 1383 1888 precanti

166 1894 243 1934 Ore
276 1899 482 1933 necaturas
515 1896 750 1946 accipiemus
782 1908 929 1946 aquas.

164 1954 214 1991 At
245 1955 306 2004 pia
338 1952 393 1991 nil
424 1952 527 1991 aliud
560 1965 674 2003 quam
706 1966 768 1992 me
800 1954 904 1992 dolet
936 1954 1048 1993 exule
1082 1955 1273 1994 coniunx:

164 2011 247 2050 Hoc
281 2023 400 2050 unum
434 2012 560 2050 nostri
591 2013 742 2063 scitque
775 2014 972 2063 gemitque
1005 2013 1116 2051 mali.

164 2069 298 2108 Nescit
328 2071 368 2107 in
399 2071 576 2108 inmenso
609 2071 744 2109 iactari
776 2083 940 2122 corpora
973 2077 1118 2122 pont0,

99 2136 144 2167 40
164 2127 298 2166 Nescit
329 2129 390 2178 agi
421 2129 546 2167 ventis
565 2160 577 2180 ,
608 2130 734 2167 nescit
765 2129 902 2168 adesse
934 2141 1092 2168 necem.

164 2186 195 2225 Ο
227 2186 326 2224 bene
345 2216 356 2237 ‚
389 2187 492 2237 quod
518 2199 595 2225 non
628 2199 715 2226 sum
742 2199 895 2226 mecum
922 2187 1187 2226 conscendere
1218 2200 1381 2241 passus,

163 2245 219 2284 Ne
252 2244 347 2283 mihi
378 2256 484 2283 mors
516 2247 658 2284 misero
692 2245 752 2284 bis
783 2246 964 2297 patienda
996 2245 1119 2284 soret!

162 2305 210 2343 At
243 2315 376 2355 nunc,
409 2309 452 2342 ut
482 2315 640 2355 peream
659 2334 670 2355 ‚
704 2306 887 2355 qnoniam
919 2309 1026 2343 caret
1057 2304 1118 2342 illa
1150 2304 1320 2356 periclo,
