<?xml version="1.0" encoding="UTF-8"?>
<!DOCTYPE html PUBLIC "-//W3C//DTD XHTML 1.0 Transitional//EN"
    "http://www.w3.org/TR/xhtml1/DTD/xhtml1-transitional.dtd">
<html xmlns="http://www.w3.org/1999/xhtml" xml:lang="en" lang="en">
 <head>
  <title>
</title>
<meta http-equiv="Content-Type" content="text/html;charset=utf-8" />
  <meta name='ocr-system' content='tesseract 3.04.00' />
  <meta name='ocr-capabilities' content='ocr_page ocr_carea ocr_par ocr_line ocrx_word'/>
</head>
<body>
  <div class='ocr_page' id='page_1' title='image "./operaovid01oviduoft_0235.png"; bbox 0 0 1575 2489; ppageno 0'>
   <div class='ocr_carea' id='block_1_1' title="bbox 559 60 1371 101">
    <p class='ocr_par' dir='ltr' id='par_1_1' title="bbox 559 60 1371 101">
     <span class='ocr_line' id='line_1_1' title="bbox 559 60 1371 101; baseline 0.007 -6"><span class='ocrx_word' id='word_1_1' title='bbox 559 63 618 95; x_wconf 91' lang='lat' dir='ltr'><strong>IV.</strong></span> <span class='ocrx_word' id='word_1_2' title='bbox 644 71 660 95; x_wconf 88' lang='lat'>1</span> <span class='ocrx_word' id='word_1_3' title='bbox 681 65 782 95; x_wconf 78' lang='lat'>1—11</span> <span class='ocrx_word' id='word_1_4' title='bbox 802 64 855 95; x_wconf 79' lang='lat'><strong>29.</strong></span> <span class='ocrx_word' id='word_1_5' title='bbox 1290 60 1371 101; x_wconf 81' lang='lat'><strong>187</strong></span> 
     </span>
    </p>
   </div>
   <div class='ocr_carea' id='block_1_2' title="bbox 96 168 1372 395">
    <p class='ocr_par' dir='ltr' id='par_1_2' title="bbox 96 168 1372 395">
     <span class='ocr_line' id='line_1_2' title="bbox 160 168 1372 222; baseline 0.001 -15"><span class='ocrx_word' id='word_1_6' title='bbox 160 169 336 209; x_wconf 82' lang='lat' dir='ltr'>Vindicat</span> <span class='ocrx_word' id='word_1_7' title='bbox 365 174 410 208; x_wconf 89' lang='lat' dir='ltr'><strong>ut</strong></span> <span class='ocrx_word' id='word_1_8' title='bbox 440 168 604 208; x_wconf 81' lang='lat' dir='ltr'><strong>Calamis</strong></span> <span class='ocrx_word' id='word_1_9' title='bbox 635 169 818 222; x_wconf 84' lang='lat' dir='ltr'><strong>laudem,</strong></span> <span class='ocrx_word' id='word_1_10' title='bbox 857 182 955 221; x_wconf 89' lang='lat' dir='ltr'><strong>quos</strong></span> <span class='ocrx_word' id='word_1_11' title='bbox 994 170 1116 221; x_wconf 91' lang='lat' dir='ltr'><strong>fecit,</strong></span> <span class='ocrx_word' id='word_1_12' title='bbox 1155 181 1372 220; x_wconf 88' lang='lat' dir='ltr'><strong>equorum:</strong></span> 
     </span>
     <span class='ocr_line' id='line_1_3' title="bbox 220 226 1078 279; baseline 0 -12"><span class='ocrx_word' id='word_1_13' title='bbox 220 227 267 267; x_wconf 93' lang='lat' dir='ltr'><strong>Ut</strong></span> <span class='ocrx_word' id='word_1_14' title='bbox 297 226 432 266; x_wconf 90' lang='lat' dir='ltr'><strong>similis</strong></span> <span class='ocrx_word' id='word_1_15' title='bbox 462 239 576 266; x_wconf 88' lang='lat' dir='ltr'><strong>verae</strong></span> <span class='ocrx_word' id='word_1_16' title='bbox 609 239 723 267; x_wconf 85' lang='lat' dir='ltr'><strong>vacca</strong></span> <span class='ocrx_word' id='word_1_17' title='bbox 754 227 924 279; x_wconf 84' lang='lat' dir='ltr'><strong>Myronis</strong></span> <span class='ocrx_word' id='word_1_18' title='bbox 957 241 1078 279; x_wconf 87' lang='lat' dir='ltr'><strong>opus:</strong></span> 
     </span>
     <span class='ocr_line' id='line_1_4' title="bbox 96 286 1307 337; baseline -0.002 -11"><span class='ocrx_word' id='word_1_19' title='bbox 96 295 140 326; x_wconf 88' lang='lat'><strong>35</strong></span> <span class='ocrx_word' id='word_1_20' title='bbox 162 286 224 325; x_wconf 91' lang='lat' dir='ltr'><strong>Sic</strong></span> <span class='ocrx_word' id='word_1_21' title='bbox 256 297 327 336; x_wconf 86' lang='lat' dir='ltr'><strong>ego</strong></span> <span class='ocrx_word' id='word_1_22' title='bbox 360 297 445 324; x_wconf 91' lang='lat' dir='ltr'><strong>sum</strong></span> <span class='ocrx_word' id='word_1_23' title='bbox 477 297 610 325; x_wconf 91' lang='lat' dir='ltr'><strong>rerum</strong></span> <span class='ocrx_word' id='word_1_24' title='bbox 642 298 720 325; x_wconf 90' lang='lat' dir='ltr'><strong>non</strong></span> <span class='ocrx_word' id='word_1_25' title='bbox 752 286 886 324; x_wconf 87' lang='lat' dir='ltr'><strong>ultima</strong></span> <span class='ocrx_word' id='word_1_26' title='bbox 906 317 916 337; x_wconf 88' lang='lat'><strong>,</strong></span> <span class='ocrx_word' id='word_1_27' title='bbox 950 286 1095 337; x_wconf 83' lang='lat' dir='ltr'><strong>Sexte,</strong></span> <span class='ocrx_word' id='word_1_28' title='bbox 1127 291 1307 337; x_wconf 89' lang='lat' dir='ltr'><strong>tuarum,</strong></span> 
     </span>
     <span class='ocr_line' id='line_1_5' title="bbox 217 343 1130 395; baseline 0 -13"><span class='ocrx_word' id='word_1_29' title='bbox 217 343 455 394; x_wconf 90' lang='lat' dir='ltr'><strong>Tutelaeque</strong></span> <span class='ocrx_word' id='word_1_30' title='bbox 488 344 594 383; x_wconf 88' lang='lat' dir='ltr'><strong>seror</strong></span> <span class='ocrx_word' id='word_1_31' title='bbox 626 356 768 383; x_wconf 88' lang='lat' dir='ltr'><strong>munus</strong></span> <span class='ocrx_word' id='word_1_32' title='bbox 801 357 978 395; x_wconf 87' lang='lat' dir='ltr'><strong>opusque</strong></span> <span class='ocrx_word' id='word_1_33' title='bbox 1011 351 1100 384; x_wconf 86' lang='lat' dir='ltr'><strong>tuae</strong></span> <span class='ocrx_word' id='word_1_34' title='bbox 1122 375 1130 382; x_wconf 92' lang='lat'>.</span> 
     </span>
    </p>
   </div>
   <div class='ocr_carea' id='block_1_3' title="bbox 672 472 730 518">
    <p class='ocr_par' dir='ltr' id='par_1_3' title="bbox 672 472 730 518">
     <span class='ocr_line' id='line_1_6' title="bbox 672 472 730 518; baseline 0.017 -1"><span class='ocrx_word' id='word_1_35' title='bbox 672 472 730 518; x_wconf 92' lang='grc' dir='ltr'><strong>Π.</strong></span> 
     </span>
    </p>
   </div>
   <div class='ocr_carea' id='block_1_4' title="bbox 120 575 1273 917">
    <p class='ocr_par' dir='ltr' id='par_1_4' title="bbox 160 575 1273 803">
     <span class='ocr_line' id='line_1_7' title="bbox 160 575 1273 629; baseline 0.001 -15"><span class='ocrx_word' id='word_1_36' title='bbox 160 575 270 622; x_wconf 89' lang='lat' dir='ltr'><strong>Quod</strong></span> <span class='ocrx_word' id='word_1_37' title='bbox 302 575 428 627; x_wconf 83' lang='lat' dir='ltr'><strong>legis,</strong></span> <span class='ocrx_word' id='word_1_38' title='bbox 460 587 482 613; x_wconf 91' lang='lat'>0</span> <span class='ocrx_word' id='word_1_39' title='bbox 515 580 620 615; x_wconf 89' lang='lat' dir='ltr'><strong>vates</strong></span> <span class='ocrx_word' id='word_1_40' title='bbox 653 588 882 627; x_wconf 85' lang='lat' dir='ltr'><strong>magnorum</strong></span> <span class='ocrx_word' id='word_1_41' title='bbox 915 578 1079 616; x_wconf 80' lang='lat' dir='ltr'><strong>maxime</strong></span> <span class='ocrx_word' id='word_1_42' title='bbox 1113 588 1273 629; x_wconf 83' lang='lat' dir='ltr'><strong>regum,</strong></span> 
     </span>
     <span class='ocr_line' id='line_1_8' title="bbox 218 632 1167 687; baseline 0.002 -16"><span class='ocrx_word' id='word_1_43' title='bbox 218 633 332 672; x_wconf 83' lang='lat' dir='ltr'><strong>Venit</strong></span> <span class='ocrx_word' id='word_1_44' title='bbox 363 632 410 672; x_wconf 90' lang='lat' dir='ltr'><strong>ab</strong></span> <span class='ocrx_word' id='word_1_45' title='bbox 441 634 608 673; x_wconf 84' lang='lat' dir='ltr'>intonsis</span> <span class='ocrx_word' id='word_1_46' title='bbox 641 647 764 686; x_wconf 88' lang='lat' dir='ltr'><strong>usque</strong></span> <span class='ocrx_word' id='word_1_47' title='bbox 784 666 795 686; x_wconf 88' lang='lat'><strong>,</strong></span> <span class='ocrx_word' id='word_1_48' title='bbox 828 635 1000 687; x_wconf 88' lang='lat' dir='ltr'><strong>Severe,</strong></span> <span class='ocrx_word' id='word_1_49' title='bbox 1036 635 1167 674; x_wconf 87' lang='lat' dir='ltr'><strong>Getis:</strong></span> 
     </span>
     <span class='ocr_line' id='line_1_9' title="bbox 161 691 1210 745; baseline 0 -14"><span class='ocrx_word' id='word_1_50' title='bbox 161 692 280 731; x_wconf 89' lang='lat' dir='ltr'><strong>Cuius</strong></span> <span class='ocrx_word' id='word_1_51' title='bbox 313 691 438 731; x_wconf 89' lang='lat' dir='ltr'><strong>adhuc</strong></span> <span class='ocrx_word' id='word_1_52' title='bbox 470 704 613 731; x_wconf 89' lang='lat' dir='ltr'><strong>nomen</strong></span> <span class='ocrx_word' id='word_1_53' title='bbox 646 700 802 732; x_wconf 90' lang='lat' dir='ltr'><strong>nostros</strong></span> <span class='ocrx_word' id='word_1_54' title='bbox 834 695 1004 732; x_wconf 79' lang='lat' dir='ltr'><strong>tacuisse</strong></span> <span class='ocrx_word' id='word_1_55' title='bbox 1035 693 1210 745; x_wconf 89' lang='lat' dir='ltr'><strong>libellos,</strong></span> 
     </span>
     <span class='ocr_line' id='line_1_10' title="bbox 220 750 1122 803; baseline 0.001 -15"><span class='ocrx_word' id='word_1_56' title='bbox 220 750 260 789; x_wconf 92' lang='lat' dir='ltr'><strong>Si</strong></span> <span class='ocrx_word' id='word_1_57' title='bbox 292 750 406 788; x_wconf 90' lang='lat' dir='ltr'><strong>modo</strong></span> <span class='ocrx_word' id='word_1_58' title='bbox 438 752 632 802; x_wconf 84' lang='lat' dir='ltr'><strong>permittis</strong></span> <span class='ocrx_word' id='word_1_59' title='bbox 665 751 795 790; x_wconf 87' lang='lat' dir='ltr'><strong>dicere</strong></span> <span class='ocrx_word' id='word_1_60' title='bbox 828 763 948 803; x_wconf 89' lang='lat' dir='ltr'><strong>vera,</strong></span> <span class='ocrx_word' id='word_1_61' title='bbox 979 751 1122 802; x_wconf 90' lang='lat' dir='ltr'><strong>pudet.</strong></span> 
     </span>
    </p>

    <p class='ocr_par' dir='ltr' id='par_1_5' title="bbox 120 808 1268 917">
     <span class='ocr_line' id='line_1_11' title="bbox 120 808 1268 860; baseline -0.001 -12"><span class='ocrx_word' id='word_1_62' title='bbox 120 817 140 848; x_wconf 86' lang='lat'><strong>5</strong></span> <span class='ocrx_word' id='word_1_63' title='bbox 161 808 264 847; x_wconf 85' lang='lat' dir='ltr'><strong>Orba</strong></span> <span class='ocrx_word' id='word_1_64' title='bbox 296 815 423 847; x_wconf 86' lang='lat' dir='ltr'><strong>tamen</strong></span> <span class='ocrx_word' id='word_1_65' title='bbox 456 810 630 847; x_wconf 89' lang='lat' dir='ltr'><strong>numeris</strong></span> <span class='ocrx_word' id='word_1_66' title='bbox 663 811 828 847; x_wconf 88' lang='lat' dir='ltr'><strong>cessavit</strong></span> <span class='ocrx_word' id='word_1_67' title='bbox 859 809 1025 860; x_wconf 86' lang='lat' dir='ltr'><strong>epistula</strong></span> <span class='ocrx_word' id='word_1_68' title='bbox 1056 821 1268 860; x_wconf 82' lang='lat' dir='ltr'><strong>numquam</strong></span> 
     </span>
     <span class='ocr_line' id='line_1_12' title="bbox 218 866 941 917; baseline 0.001 -12"><span class='ocrx_word' id='word_1_69' title='bbox 218 867 278 905; x_wconf 91' lang='lat' dir='ltr'><strong>Ire</strong></span> <span class='ocrx_word' id='word_1_70' title='bbox 310 878 381 917; x_wconf 87' lang='lat' dir='ltr'><strong>per</strong></span> <span class='ocrx_word' id='word_1_71' title='bbox 413 866 580 905; x_wconf 86' lang='lat' dir='ltr'><strong>alternas</strong></span> <span class='ocrx_word' id='word_1_72' title='bbox 612 867 783 905; x_wconf 87' lang='lat' dir='ltr'><strong>officiosa</strong></span> <span class='ocrx_word' id='word_1_73' title='bbox 814 868 941 906; x_wconf 88' lang='lat' dir='ltr'><strong>vices.</strong></span> 
     </span>
    </p>
   </div>
   <div class='ocr_carea' id='block_1_5' title="bbox 161 924 1374 1080">
    <p class='ocr_par' dir='ltr' id='par_1_6' title="bbox 161 924 1374 1080">
     <span class='ocr_line' id='line_1_13' title="bbox 161 924 1374 965; baseline 0.002 -2"><span class='ocrx_word' id='word_1_74' title='bbox 161 925 339 964; x_wconf 84' lang='lat' dir='ltr'><strong>Carmina</strong></span> <span class='ocrx_word' id='word_1_75' title='bbox 371 924 450 963; x_wconf 91' lang='lat' dir='ltr'><strong>sola</strong></span> <span class='ocrx_word' id='word_1_76' title='bbox 484 924 552 963; x_wconf 89' lang='lat' dir='ltr'><strong>tibi</strong></span> <span class='ocrx_word' id='word_1_77' title='bbox 585 937 798 964; x_wconf 88' lang='lat' dir='ltr'><strong>memorem</strong></span> <span class='ocrx_word' id='word_1_78' title='bbox 829 927 1011 964; x_wconf 88' lang='lat' dir='ltr'><strong>testantia</strong></span> <span class='ocrx_word' id='word_1_79' title='bbox 1044 937 1177 964; x_wconf 86' lang='lat' dir='ltr'><strong>curam</strong></span> <span class='ocrx_word' id='word_1_80' title='bbox 1302 935 1374 965; x_wconf 73' lang='lat'>(107)</span> 
     </span>
     <span class='ocr_line' id='line_1_14' title="bbox 217 982 1281 1036; baseline 0.002 -15"><span class='ocrx_word' id='word_1_81' title='bbox 217 982 302 1021; x_wconf 89' lang='lat' dir='ltr'><strong>Non</strong></span> <span class='ocrx_word' id='word_1_82' title='bbox 335 982 421 1022; x_wconf 85' lang='lat' dir='ltr'><strong>data</strong></span> <span class='ocrx_word' id='word_1_83' title='bbox 454 990 572 1021; x_wconf 89' lang='lat' dir='ltr'><strong>sunt.</strong></span> <span class='ocrx_word' id='word_1_84' title='bbox 630 983 722 1034; x_wconf 90' lang='lat' dir='ltr'><strong>quid</strong></span> <span class='ocrx_word' id='word_1_85' title='bbox 756 984 889 1036; x_wconf 88' lang='lat' dir='ltr'><strong>enim,</strong></span> <span class='ocrx_word' id='word_1_86' title='bbox 922 995 1019 1034; x_wconf 88' lang='lat' dir='ltr'><strong>quae</strong></span> <span class='ocrx_word' id='word_1_87' title='bbox 1051 984 1146 1022; x_wconf 83' lang='lat' dir='ltr'><strong>sacis</strong></span> <span class='ocrx_word' id='word_1_88' title='bbox 1177 985 1281 1036; x_wconf 86' lang='lat' dir='ltr'><strong>ipse,</strong></span> 
     </span>
     <span class='ocr_line' id='line_1_15' title="bbox 885 1039 1053 1080; baseline 0 0"><span class='ocrx_word' id='word_1_89' title='bbox 885 1039 1053 1080; x_wconf 79' lang='lat' dir='ltr'><strong>darem?</strong></span> 
     </span>
    </p>
   </div>
   <div class='ocr_carea' id='block_1_6' title="bbox 99 1098 1380 2316">
    <p class='ocr_par' dir='ltr' id='par_1_7' title="bbox 99 1098 1352 1546">
     <span class='ocr_line' id='line_1_16' title="bbox 162 1098 1246 1152; baseline 0 -14"><span class='ocrx_word' id='word_1_90' title='bbox 162 1099 257 1145; x_wconf 85' lang='lat' dir='ltr'><strong>Quis</strong></span> <span class='ocrx_word' id='word_1_91' title='bbox 290 1098 364 1138; x_wconf 91' lang='lat' dir='ltr'><strong>mel</strong></span> <span class='ocrx_word' id='word_1_92' title='bbox 391 1099 566 1137; x_wconf 85' lang='lat' dir='ltr'><strong>Aristaeo</strong></span> <span class='ocrx_word' id='word_1_93' title='bbox 586 1131 596 1151; x_wconf 87' lang='lat'>‚</span> <span class='ocrx_word' id='word_1_94' title='bbox 629 1101 716 1150; x_wconf 87' lang='lat' dir='ltr'><strong>quis</strong></span> <span class='ocrx_word' id='word_1_95' title='bbox 748 1099 900 1138; x_wconf 88' lang='lat' dir='ltr'><strong>Baccho</strong></span> <span class='ocrx_word' id='word_1_96' title='bbox 934 1102 1021 1138; x_wconf 87' lang='lat' dir='ltr'><strong>vina</strong></span> <span class='ocrx_word' id='word_1_97' title='bbox 1052 1099 1216 1138; x_wconf 89' lang='lat' dir='ltr'><strong>Falerno</strong></span> <span class='ocrx_word' id='word_1_98' title='bbox 1236 1132 1246 1152; x_wconf 87' lang='lat'><strong>,</strong></span> 
     </span>
     <span class='ocr_line' id='line_1_17' title="bbox 99 1155 1120 1209; baseline -0.002 -11"><span class='ocrx_word' id='word_1_99' title='bbox 99 1167 142 1198; x_wconf 90' lang='lat'><strong>10</strong></span> <span class='ocrx_word' id='word_1_100' title='bbox 219 1157 458 1208; x_wconf 86' lang='lat' dir='ltr'><strong>Triptolemo</strong></span> <span class='ocrx_word' id='word_1_101' title='bbox 490 1158 651 1209; x_wconf 80' lang='lat' dir='ltr'><strong>fruges,</strong></span> <span class='ocrx_word' id='word_1_102' title='bbox 683 1170 797 1209; x_wconf 89' lang='lat' dir='ltr'><strong>poma</strong></span> <span class='ocrx_word' id='word_1_103' title='bbox 829 1158 895 1197; x_wconf 89' lang='lat' dir='ltr'><strong>det</strong></span> <span class='ocrx_word' id='word_1_104' title='bbox 926 1155 1120 1197; x_wconf 80' lang='lat' dir='ltr'><strong>Alcinoo?</strong></span> 
     </span>
     <span class='ocr_line' id='line_1_18' title="bbox 161 1215 1294 1267; baseline 0 -12"><span class='ocrx_word' id='word_1_105' title='bbox 161 1215 303 1255; x_wconf 84' lang='lat' dir='ltr'><strong>Fertile</strong></span> <span class='ocrx_word' id='word_1_106' title='bbox 338 1222 475 1266; x_wconf 85' lang='lat' dir='ltr'><strong>pectus</strong></span> <span class='ocrx_word' id='word_1_107' title='bbox 508 1215 626 1254; x_wconf 88' lang='lat' dir='ltr'><strong>habes</strong></span> <span class='ocrx_word' id='word_1_108' title='bbox 646 1246 656 1266; x_wconf 91' lang='lat'>‚</span> <span class='ocrx_word' id='word_1_109' title='bbox 688 1218 870 1267; x_wconf 90' lang='lat' dir='ltr'><strong>interque</strong></span> <span class='ocrx_word' id='word_1_110' title='bbox 902 1216 1088 1255; x_wconf 88' lang='lat' dir='ltr'><strong>Helicona</strong></span> <span class='ocrx_word' id='word_1_111' title='bbox 1121 1216 1294 1255; x_wconf 90' lang='lat' dir='ltr'><strong>colentes</strong></span> 
     </span>
     <span class='ocr_line' id='line_1_19' title="bbox 218 1273 994 1325; baseline 0.001 -13"><span class='ocrx_word' id='word_1_112' title='bbox 218 1273 385 1313; x_wconf 88' lang='lat' dir='ltr'><strong>Uberius</strong></span> <span class='ocrx_word' id='word_1_113' title='bbox 418 1273 512 1312; x_wconf 90' lang='lat' dir='ltr'><strong>nulli</strong></span> <span class='ocrx_word' id='word_1_114' title='bbox 544 1276 722 1324; x_wconf 86' lang='lat' dir='ltr'><strong>provenit</strong></span> <span class='ocrx_word' id='word_1_115' title='bbox 755 1276 828 1313; x_wconf 90' lang='lat' dir='ltr'><strong>ista</strong></span> <span class='ocrx_word' id='word_1_116' title='bbox 861 1286 994 1325; x_wconf 84' lang='lat' dir='ltr'><strong>seges.</strong></span> 
     </span>
     <span class='ocr_line' id='line_1_20' title="bbox 161 1332 1352 1384; baseline 0.002 -14"><span class='ocrx_word' id='word_1_117' title='bbox 161 1332 315 1371; x_wconf 86' lang='lat' dir='ltr'><strong>Mittere</strong></span> <span class='ocrx_word' id='word_1_118' title='bbox 348 1332 393 1370; x_wconf 89' lang='lat' dir='ltr'><strong>ad</strong></span> <span class='ocrx_word' id='word_1_119' title='bbox 420 1332 524 1371; x_wconf 88' lang='lat' dir='ltr'><strong>hunc</strong></span> <span class='ocrx_word' id='word_1_120' title='bbox 557 1344 743 1384; x_wconf 85' lang='lat' dir='ltr'><strong>carmen,</strong></span> <span class='ocrx_word' id='word_1_121' title='bbox 776 1333 932 1371; x_wconf 87' lang='lat' dir='ltr'><strong>frondes</strong></span> <span class='ocrx_word' id='word_1_122' title='bbox 960 1339 1044 1372; x_wconf 86' lang='lat' dir='ltr'><strong>erat</strong></span> <span class='ocrx_word' id='word_1_123' title='bbox 1071 1333 1213 1372; x_wconf 88' lang='lat' dir='ltr'><strong>addere</strong></span> <span class='ocrx_word' id='word_1_124' title='bbox 1247 1333 1352 1372; x_wconf 87' lang='lat' dir='ltr'><strong>silvis</strong></span> 
     </span>
     <span class='ocr_line' id='line_1_21' title="bbox 219 1390 1200 1443; baseline 0.002 -14"><span class='ocrx_word' id='word_1_125' title='bbox 219 1390 322 1429; x_wconf 90' lang='lat' dir='ltr'><strong>Haec</strong></span> <span class='ocrx_word' id='word_1_126' title='bbox 355 1390 450 1429; x_wconf 89' lang='lat' dir='ltr'><strong>mihi</strong></span> <span class='ocrx_word' id='word_1_127' title='bbox 482 1391 689 1429; x_wconf 87' lang='lat' dir='ltr'><strong>cunctandi</strong></span> <span class='ocrx_word' id='word_1_128' title='bbox 721 1403 867 1443; x_wconf 84' lang='lat' dir='ltr'><strong>causa,</strong></span> <span class='ocrx_word' id='word_1_129' title='bbox 900 1391 1043 1430; x_wconf 90' lang='lat' dir='ltr'><strong>Severe</strong></span> <span class='ocrx_word' id='word_1_130' title='bbox 1062 1422 1073 1443; x_wconf 90' lang='lat'><strong>,</strong></span> <span class='ocrx_word' id='word_1_131' title='bbox 1105 1393 1200 1431; x_wconf 84' lang='lat' dir='ltr'><strong>fuit.</strong></span> 
     </span>
     <span class='ocr_line' id='line_1_22' title="bbox 100 1448 1268 1502; baseline 0.001 -14"><span class='ocrx_word' id='word_1_132' title='bbox 100 1458 142 1488; x_wconf 86' lang='lat'><strong>15</strong></span> <span class='ocrx_word' id='word_1_133' title='bbox 161 1448 238 1487; x_wconf 90' lang='lat' dir='ltr'><strong>Nec</strong></span> <span class='ocrx_word' id='word_1_134' title='bbox 274 1455 400 1487; x_wconf 90' lang='lat' dir='ltr'><strong>tamen</strong></span> <span class='ocrx_word' id='word_1_135' title='bbox 432 1450 631 1500; x_wconf 86' lang='lat' dir='ltr'><strong>ingenium</strong></span> <span class='ocrx_word' id='word_1_136' title='bbox 664 1449 776 1487; x_wconf 90' lang='lat' dir='ltr'><strong>nobis</strong></span> <span class='ocrx_word' id='word_1_137' title='bbox 809 1449 1050 1501; x_wconf 85' lang='lat' dir='ltr'><strong>respondet,</strong></span> <span class='ocrx_word' id='word_1_138' title='bbox 1082 1456 1126 1488; x_wconf 90' lang='lat' dir='ltr'><strong>ut</strong></span> <span class='ocrx_word' id='word_1_139' title='bbox 1157 1456 1268 1502; x_wconf 88' lang='lat' dir='ltr'><strong>ante,</strong></span> 
     </span>
     <span class='ocr_line' id='line_1_23' title="bbox 221 1506 1066 1546; baseline 0.001 -1"><span class='ocrx_word' id='word_1_140' title='bbox 221 1506 296 1545; x_wconf 91' lang='lat' dir='ltr'><strong>Sed</strong></span> <span class='ocrx_word' id='word_1_141' title='bbox 329 1508 476 1546; x_wconf 87' lang='lat' dir='ltr'><strong>siccum</strong></span> <span class='ocrx_word' id='word_1_142' title='bbox 509 1507 632 1545; x_wconf 87' lang='lat' dir='ltr'><strong>sterili</strong></span> <span class='ocrx_word' id='word_1_143' title='bbox 664 1519 820 1546; x_wconf 80' lang='lat' dir='ltr'><strong>vomere</strong></span> <span class='ocrx_word' id='word_1_144' title='bbox 852 1507 944 1546; x_wconf 90' lang='lat' dir='ltr'><strong>litus</strong></span> <span class='ocrx_word' id='word_1_145' title='bbox 977 1519 1066 1546; x_wconf 89' lang='lat' dir='ltr'><strong>aro.</strong></span> 
     </span>
    </p>

    <p class='ocr_par' dir='ltr' id='par_1_8' title="bbox 163 1565 1185 1734">
     <span class='ocr_line' id='line_1_24' title="bbox 163 1565 1146 1618; baseline 0 -14"><span class='ocrx_word' id='word_1_146' title='bbox 163 1565 321 1604; x_wconf 85' lang='lat' dir='ltr'><strong>Scilicet</strong></span> <span class='ocrx_word' id='word_1_147' title='bbox 351 1571 395 1604; x_wconf 90' lang='lat' dir='ltr'><strong>ut</strong></span> <span class='ocrx_word' id='word_1_148' title='bbox 425 1565 540 1604; x_wconf 85' lang='lat' dir='ltr'><strong>limus</strong></span> <span class='ocrx_word' id='word_1_149' title='bbox 573 1577 689 1604; x_wconf 83' lang='lat' dir='ltr'><strong>venas</strong></span> <span class='ocrx_word' id='word_1_150' title='bbox 723 1571 903 1605; x_wconf 86' lang='lat' dir='ltr'><strong>excaecat</strong></span> <span class='ocrx_word' id='word_1_151' title='bbox 933 1567 973 1604; x_wconf 92' lang='lat' dir='ltr'><strong>in</strong></span> <span class='ocrx_word' id='word_1_152' title='bbox 1006 1566 1146 1618; x_wconf 89' lang='lat' dir='ltr'><strong>undis,</strong></span> 
     </span>
     <span class='ocr_line' id='line_1_25' title="bbox 220 1623 1138 1675; baseline 0 -13"><span class='ocrx_word' id='word_1_153' title='bbox 220 1623 421 1675; x_wconf 88' lang='lat' dir='ltr'><strong>Lapsaque</strong></span> <span class='ocrx_word' id='word_1_154' title='bbox 454 1624 665 1674; x_wconf 85' lang='lat' dir='ltr'><strong>subpresso</strong></span> <span class='ocrx_word' id='word_1_155' title='bbox 697 1624 803 1663; x_wconf 88' lang='lat' dir='ltr'><strong>fonte</strong></span> <span class='ocrx_word' id='word_1_156' title='bbox 835 1625 985 1663; x_wconf 86' lang='lat' dir='ltr'><strong>resistit</strong></span> <span class='ocrx_word' id='word_1_157' title='bbox 1017 1636 1138 1675; x_wconf 88' lang='lat' dir='ltr'><strong>aqua,</strong></span> 
     </span>
     <span class='ocr_line' id='line_1_26' title="bbox 163 1681 1185 1734; baseline 0.001 -14"><span class='ocrx_word' id='word_1_158' title='bbox 163 1681 324 1721; x_wconf 90' lang='lat' dir='ltr'><strong>Pectora</strong></span> <span class='ocrx_word' id='word_1_159' title='bbox 357 1684 413 1720; x_wconf 88' lang='lat' dir='ltr'><strong>sic</strong></span> <span class='ocrx_word' id='word_1_160' title='bbox 445 1694 529 1721; x_wconf 86' lang='lat' dir='ltr'><strong>mea</strong></span> <span class='ocrx_word' id='word_1_161' title='bbox 562 1688 653 1721; x_wconf 90' lang='lat' dir='ltr'><strong>sunt</strong></span> <span class='ocrx_word' id='word_1_162' title='bbox 683 1682 774 1720; x_wconf 90' lang='lat' dir='ltr'><strong>limo</strong></span> <span class='ocrx_word' id='word_1_163' title='bbox 807 1684 939 1722; x_wconf 86' lang='lat' dir='ltr'><strong>vitiata</strong></span> <span class='ocrx_word' id='word_1_164' title='bbox 970 1682 1185 1734; x_wconf 89' lang='lat' dir='ltr'><strong>malorum,</strong></span> 
     </span>
    </p>

    <p class='ocr_par' dir='ltr' id='par_1_9' title="bbox 100 1739 1380 2316">
     <span class='ocr_line' id='line_1_27' title="bbox 100 1739 992 1791; baseline 0.001 -13"><span class='ocrx_word' id='word_1_165' title='bbox 100 1748 144 1779; x_wconf 84' lang='lat'><strong>20</strong></span> <span class='ocrx_word' id='word_1_166' title='bbox 222 1739 270 1779; x_wconf 92' lang='lat' dir='ltr'><strong>Et</strong></span> <span class='ocrx_word' id='word_1_167' title='bbox 303 1752 460 1779; x_wconf 86' lang='lat' dir='ltr'><strong>carmen</strong></span> <span class='ocrx_word' id='word_1_168' title='bbox 492 1752 587 1779; x_wconf 89' lang='lat' dir='ltr'><strong>vena</strong></span> <span class='ocrx_word' id='word_1_169' title='bbox 619 1742 853 1791; x_wconf 88' lang='lat' dir='ltr'><strong>pauperiore</strong></span> <span class='ocrx_word' id='word_1_170' title='bbox 884 1741 992 1779; x_wconf 82' lang='lat' dir='ltr'><strong>fluit.</strong></span> 
     </span>
     <span class='ocr_line' id='line_1_28' title="bbox 164 1797 1258 1851; baseline 0.002 -15"><span class='ocrx_word' id='word_1_171' title='bbox 164 1797 294 1848; x_wconf 83' lang='lat' dir='ltr'><strong>Siquis</strong></span> <span class='ocrx_word' id='word_1_172' title='bbox 326 1799 365 1836; x_wconf 91' lang='lat' dir='ltr'><strong>in</strong></span> <span class='ocrx_word' id='word_1_173' title='bbox 397 1797 468 1837; x_wconf 88' lang='lat' dir='ltr'><strong>hac</strong></span> <span class='ocrx_word' id='word_1_174' title='bbox 498 1799 627 1849; x_wconf 90' lang='lat' dir='ltr'><strong>ipsum</strong></span> <span class='ocrx_word' id='word_1_175' title='bbox 658 1804 763 1838; x_wconf 89' lang='lat' dir='ltr'><strong>terra</strong></span> <span class='ocrx_word' id='word_1_176' title='bbox 795 1801 992 1850; x_wconf 89' lang='lat' dir='ltr'><strong>posuisset</strong></span> <span class='ocrx_word' id='word_1_177' title='bbox 1023 1799 1258 1851; x_wconf 87' lang='lat' dir='ltr'><strong>Homerum,</strong></span> 
     </span>
     <span class='ocr_line' id='line_1_29' title="bbox 220 1856 1162 1908; baseline 0.001 -13"><span class='ocrx_word' id='word_1_178' title='bbox 220 1856 363 1908; x_wconf 88' lang='lat' dir='ltr'><strong>Esset,</strong></span> <span class='ocrx_word' id='word_1_179' title='bbox 396 1857 511 1895; x_wconf 85' lang='lat' dir='ltr'><strong>crede</strong></span> <span class='ocrx_word' id='word_1_180' title='bbox 543 1857 667 1908; x_wconf 88' lang='lat' dir='ltr'><strong>mihi,</strong></span> <span class='ocrx_word' id='word_1_181' title='bbox 699 1857 824 1896; x_wconf 85' lang='lat' dir='ltr'><strong>factus</strong></span> <span class='ocrx_word' id='word_1_182' title='bbox 857 1863 895 1896; x_wconf 90' lang='lat' dir='ltr'><strong>et</strong></span> <span class='ocrx_word' id='word_1_183' title='bbox 926 1857 989 1896; x_wconf 93' lang='lat' dir='ltr'><strong>ille</strong></span> <span class='ocrx_word' id='word_1_184' title='bbox 1022 1857 1162 1897; x_wconf 87' lang='lat' dir='ltr'><strong>Getes.</strong></span> 
     </span>
     <span class='ocr_line' id='line_1_30' title="bbox 163 1913 1253 1967; baseline 0.002 -15"><span class='ocrx_word' id='word_1_185' title='bbox 163 1913 216 1953; x_wconf 90' lang='lat' dir='ltr'><strong>Da</strong></span> <span class='ocrx_word' id='word_1_186' title='bbox 248 1916 398 1953; x_wconf 86' lang='lat' dir='ltr'><strong>veniam</strong></span> <span class='ocrx_word' id='word_1_187' title='bbox 432 1916 562 1965; x_wconf 84' lang='lat' dir='ltr'><strong>lasso,</strong></span> <span class='ocrx_word' id='word_1_188' title='bbox 595 1915 734 1954; x_wconf 88' lang='lat' dir='ltr'><strong>studiis</strong></span> <span class='ocrx_word' id='word_1_189' title='bbox 767 1927 922 1966; x_wconf 92' lang='lat' dir='ltr'><strong>quoque</strong></span> <span class='ocrx_word' id='word_1_190' title='bbox 955 1917 1065 1954; x_wconf 86' lang='lat' dir='ltr'><strong>frena</strong></span> <span class='ocrx_word' id='word_1_191' title='bbox 1097 1917 1253 1967; x_wconf 86' lang='lat' dir='ltr'><strong>remisi,</strong></span> 
     </span>
     <span class='ocr_line' id='line_1_31' title="bbox 222 1972 1050 2024; baseline 0.001 -13"><span class='ocrx_word' id='word_1_192' title='bbox 222 1972 385 2012; x_wconf 88' lang='lat' dir='ltr'><strong>Ducitur</strong></span> <span class='ocrx_word' id='word_1_193' title='bbox 418 1982 457 2012; x_wconf 84' lang='lat' dir='ltr'><strong>et</strong></span> <span class='ocrx_word' id='word_1_194' title='bbox 488 1973 619 2024; x_wconf 86' lang='lat' dir='ltr'><strong>digitis</strong></span> <span class='ocrx_word' id='word_1_195' title='bbox 651 1973 780 2012; x_wconf 87' lang='lat' dir='ltr'><strong>littera</strong></span> <span class='ocrx_word' id='word_1_196' title='bbox 812 1985 899 2012; x_wconf 90' lang='lat' dir='ltr'><strong>rara</strong></span> <span class='ocrx_word' id='word_1_197' title='bbox 931 1976 1050 2012; x_wconf 88' lang='lat' dir='ltr'><strong>meis.</strong></span> 
     </span>
     <span class='ocr_line' id='line_1_32' title="bbox 100 2030 1233 2084; baseline 0.001 -15"><span class='ocrx_word' id='word_1_198' title='bbox 100 2030 335 2081; x_wconf 78' lang='lat' dir='ltr'><strong>251mpetus</strong></span> <span class='ocrx_word' id='word_1_199' title='bbox 367 2031 430 2070; x_wconf 91' lang='lat' dir='ltr'><strong>ille</strong></span> <span class='ocrx_word' id='word_1_200' title='bbox 463 2043 571 2070; x_wconf 88' lang='lat' dir='ltr'><strong>sacer</strong></span> <span class='ocrx_word' id='word_1_201' title='bbox 590 2063 600 2082; x_wconf 90' lang='lat'><strong>,</strong></span> <span class='ocrx_word' id='word_1_202' title='bbox 633 2034 699 2083; x_wconf 90' lang='lat' dir='ltr'><strong>qui</strong></span> <span class='ocrx_word' id='word_1_203' title='bbox 732 2038 861 2071; x_wconf 87' lang='lat' dir='ltr'><strong>vatum</strong></span> <span class='ocrx_word' id='word_1_204' title='bbox 894 2038 1052 2082; x_wconf 86' lang='lat' dir='ltr'><strong>pectora</strong></span> <span class='ocrx_word' id='word_1_205' title='bbox 1085 2033 1233 2084; x_wconf 87' lang='lat' dir='ltr'><strong>nutrit,</strong></span> 
     </span>
     <span class='ocr_line' id='line_1_33' title="bbox 223 2089 1142 2142; baseline 0.001 -14"><span class='ocrx_word' id='word_1_206' title='bbox 223 2089 297 2135; x_wconf 91' lang='lat' dir='ltr'><strong>Qui</strong></span> <span class='ocrx_word' id='word_1_207' title='bbox 329 2091 439 2140; x_wconf 85' lang='lat' dir='ltr'><strong>prius</strong></span> <span class='ocrx_word' id='word_1_208' title='bbox 471 2091 510 2129; x_wconf 90' lang='lat' dir='ltr'><strong>in</strong></span> <span class='ocrx_word' id='word_1_209' title='bbox 542 2090 655 2128; x_wconf 90' lang='lat' dir='ltr'><strong>nobis</strong></span> <span class='ocrx_word' id='word_1_210' title='bbox 687 2102 773 2129; x_wconf 89' lang='lat' dir='ltr'><strong>esse</strong></span> <span class='ocrx_word' id='word_1_211' title='bbox 806 2090 978 2142; x_wconf 86' lang='lat' dir='ltr'><strong>solebat,</strong></span> <span class='ocrx_word' id='word_1_212' title='bbox 1010 2090 1142 2129; x_wconf 90' lang='lat' dir='ltr'><strong>abest.</strong></span> 
     </span>
     <span class='ocr_line' id='line_1_34' title="bbox 167 2147 1279 2200; baseline 0.003 -16"><span class='ocrx_word' id='word_1_213' title='bbox 167 2147 236 2186; x_wconf 86' lang='lat' dir='ltr'><strong>Vix</strong></span> <span class='ocrx_word' id='word_1_214' title='bbox 268 2149 372 2187; x_wconf 91' lang='lat' dir='ltr'><strong>venit</strong></span> <span class='ocrx_word' id='word_1_215' title='bbox 404 2148 450 2188; x_wconf 91' lang='lat' dir='ltr'><strong>ad</strong></span> <span class='ocrx_word' id='word_1_216' title='bbox 481 2155 642 2200; x_wconf 88' lang='lat' dir='ltr'><strong>partes,</strong></span> <span class='ocrx_word' id='word_1_217' title='bbox 674 2150 736 2187; x_wconf 83' lang='lat' dir='ltr'><strong>vix</strong></span> <span class='ocrx_word' id='word_1_218' title='bbox 768 2155 944 2200; x_wconf 88' lang='lat' dir='ltr'><strong>sumptae</strong></span> <span class='ocrx_word' id='word_1_219' title='bbox 977 2148 1086 2187; x_wconf 87' lang='lat' dir='ltr'><strong>Musa</strong></span> <span class='ocrx_word' id='word_1_220' title='bbox 1118 2148 1279 2188; x_wconf 88' lang='lat' dir='ltr'><strong>tabellae</strong></span> 
     </span>
     <span class='ocr_line' id='line_1_35' title="bbox 222 2205 1049 2258; baseline 0.001 -14"><span class='ocrx_word' id='word_1_221' title='bbox 222 2205 376 2256; x_wconf 86' lang='lat' dir='ltr'><strong>Inponit</strong></span> <span class='ocrx_word' id='word_1_222' title='bbox 407 2208 536 2258; x_wconf 85' lang='lat' dir='ltr'><strong>pigras</strong></span> <span class='ocrx_word' id='word_1_223' title='bbox 568 2219 690 2258; x_wconf 91' lang='lat' dir='ltr'><strong>paene</strong></span> <span class='ocrx_word' id='word_1_224' title='bbox 723 2214 855 2246; x_wconf 89' lang='lat' dir='ltr'><strong>coacta</strong></span> <span class='ocrx_word' id='word_1_225' title='bbox 888 2219 1049 2246; x_wconf 87' lang='lat' dir='ltr'><strong>manus.</strong></span> 
     </span>
     <span class='ocr_line' id='line_1_36' title="bbox 164 2263 1380 2316; baseline 0.002 -15"><span class='ocrx_word' id='word_1_226' title='bbox 164 2263 362 2314; x_wconf 84' lang='lat' dir='ltr'><strong>Parvaque</strong></span> <span class='ocrx_word' id='word_1_227' title='bbox 382 2296 392 2315; x_wconf 81' lang='lat'>‚</span> <span class='ocrx_word' id='word_1_228' title='bbox 423 2277 471 2303; x_wconf 89' lang='lat' dir='ltr'><strong>ne</strong></span> <span class='ocrx_word' id='word_1_229' title='bbox 504 2265 629 2304; x_wconf 85' lang='lat' dir='ltr'><strong>dicam</strong></span> <span class='ocrx_word' id='word_1_230' title='bbox 662 2265 858 2304; x_wconf 85' lang='lat' dir='ltr'><strong>scribendi</strong></span> <span class='ocrx_word' id='word_1_231' title='bbox 891 2265 995 2304; x_wconf 88' lang='lat' dir='ltr'><strong>nulla</strong></span> <span class='ocrx_word' id='word_1_232' title='bbox 1028 2265 1203 2316; x_wconf 82' lang='lat' dir='ltr'><strong>voluptas</strong></span> <span class='ocrx_word' id='word_1_233' title='bbox 1307 2274 1380 2304; x_wconf 61' lang='lat'>(103)</span> 
     </span>
    </p>
   </div>
  </div>
 </body>
</html>
