1575 2489
156 80 210 121 96
706 83 931 115 TRISTmM

272 189 475 228 Moenibus
507 191 657 240 exiguis
688 190 922 240 ingenioque
954 190 1051 230 loci.

273 247 369 286 Cum
402 249 559 286 minime
591 246 727 286 credas
746 278 757 298 ‚
788 253 832 286 ut
863 249 971 300 avis,
1003 248 1259 288 densissimus
1291 249 1414 289 hostis

209 313 252 344 20
273 305 433 343 Advolat
465 310 504 343 et
535 305 716 356 praedam
749 306 808 343 vix
841 304 940 344 bene
972 308 1078 345 visus
1110 309 1209 358 agit.

275 363 398 413 Saepe
430 364 532 403 intra
564 375 697 402 muros
730 362 871 403 clausis
903 366 1096 403 venientia
1127 367 1250 416 portis

272 421 347 459 Per
380 421 524 459 medias
556 421 720 471 legimus
752 423 866 460 noxia
898 421 973 460 tela
1004 424 1108 462 vias.

273 478 342 518 Est
373 480 492 529 igitur
524 491 665 531 rarus,
698 491 766 518 rus
799 481 865 530 qui
896 480 1024 519 colere
1056 480 1224 533 audeat,
1262 483 1373 533 isque

273 536 352 575 Hac
384 543 467 575 arat
497 537 659 589 infelix,
690 537 763 576 hae
794 543 902 576 tenet
932 550 1039 577 arma
1069 550 1209 578 manu.

209 603 253 634 25
276 594 356 634 Sub
389 595 495 646 galea
527 601 659 646 pastor
691 597 836 634 iunctis
867 597 953 646 pice
985 602 1115 636 cantat
1146 599 1301 650 avenis,

272 653 428 704 Proque
459 653 550 704 lupo
583 653 741 703 pavidae
774 653 872 692 bella
903 660 1089 693 verentur
1121 667 1235 694 oves.

272 710 342 750 Vix
375 724 447 762 ope
480 712 630 750 castelli
660 711 907 751 defendimur
927 743 935 751 .
985 717 1026 751 et
1056 719 1183 751 tamen
1216 715 1321 752 intus

271 769 387 808 Mixta
420 770 511 808 facit
541 769 699 808 Graecis
731 769 894 808 barbara
926 769 1040 809 turba
1072 777 1241 810 metum.

274 828 425 879 Quippe
458 828 574 867 simul
605 828 719 867 nobis
751 827 899 867 habitat
930 828 1155 868 discrimine
1187 829 1292 868 nullo

208 894 252 925 30
272 886 466 925 Barbarus
498 892 538 925 et
569 888 663 925 tecti
694 886 782 937 plus
814 898 969 938 quoque
1002 893 1111 938 parte
1143 892 1273 926 tenet.

274 944 379 990 Quos
411 951 455 984 ut
487 957 564 983 non
595 947 761 996 timeas,
792 946 919 996 possis
951 945 1079 984 odisse
1112 945 1275 984 videndo

272 1002 444 1041 Pellibus
477 1009 515 1041 et
546 1003 659 1054 longa
691 1015 855 1053 corpora
887 1008 989 1042 tecta
1021 1016 1151 1042 coma.

273 1061 352 1099 Hos
385 1073 570 1113 quoque,
602 1063 668 1112 qui
700 1063 821 1111 geniti
853 1061 965 1100 Graia
997 1062 1213 1100 creduntur
1245 1062 1292 1101 ab
1326 1062 1446 1115 urbe,

273 1118 348 1156 Pro
380 1121 507 1169 patrio
540 1119 646 1158 cultu
679 1119 837 1158 Persica
869 1119 984 1158 braca
1017 1122 1135 1170 tegit.

210 1185 253 1215 35
274 1177 471 1215 Exercent
501 1177 556 1216 illi
588 1179 715 1215 sociae
748 1179 980 1215 commercia
1013 1177 1191 1227 linguae:

272 1235 347 1273 Per
380 1240 533 1286 gestum
566 1248 628 1273 res
661 1240 721 1273 est
752 1235 1002 1285 significanda
1034 1235 1153 1274 mihi.

272 1293 466 1332 Barbarus
498 1293 561 1331 hie
593 1305 663 1343 ego
697 1305 783 1331 sum
802 1325 812 1344 ,
845 1295 911 1343 qui
943 1305 1020 1332 non
1052 1293 1257 1344 intellegor
1289 1294 1378 1344 ulli,

272 1350 321 1389 Et
353 1351 482 1390 rident
514 1351 644 1390 stolidi
674 1351 791 1390 verba
821 1352 956 1390 Latina
988 1351 1130 1405 Getae3

271 1409 410 1460 Meque
443 1409 567 1460 palam
599 1409 646 1448 de
678 1422 740 1448 me
772 1414 856 1448 tuto
888 1409 986 1447 male
1018 1421 1134 1460 saepe
1165 1409 1382 1460 loquuntur

208 1476 252 1506 40
273 1467 451 1506 Forsitan
484 1467 659 1506 obiciunt
690 1467 926 1517 exiliumque
960 1467 1076 1514 mibi,

271 1525 298 1573 †
324 1525 451 1576 thue
484 1526 555 1577 fit,
586 1527 627 1564 in
653 1538 714 1564 me
746 1525 889 1576 aliquid
908 1555 919 1576 ‚
951 1527 983 1563 si
1016 1525 1108 1576 quid
1135 1525 1356 1566 dicentibus
1389 1528 1462 1567 illis

272 1583 486 1622 Abnuerim
519 1585 700 1634 quotiens
732 1583 1043 1635 adnuerimque‚
1075 1589 1236 1634 putant.

273 1642 378 1680 Adde
399 1673 410 1693 ,
443 1642 546 1692 quod
578 1643 767 1680 iniustum
799 1641 923 1692 rigido
955 1643 1017 1680 ius
1049 1642 1193 1681 dieitur
1225 1655 1341 1695 ense,

274 1700 424 1738 Dantur
455 1706 494 1739 et
525 1702 565 1738 in
597 1700 723 1738 medio
756 1700 915 1739 vulnera
948 1712 1063 1751 saepe
1096 1701 1200 1740 soro.

209 1766 253 1797 45
274 1758 305 1797 Ο
339 1758 476 1796 duram
507 1757 696 1797 Lachesin
716 1790 727 1810 ‚
760 1771 857 1809 quae
890 1764 968 1797 tam
999 1771 1114 1809 grave
1147 1759 1255 1798 sidus
1287 1759 1443 1800 habenti

273 1816 354 1854 Fila
387 1816 492 1855 dedit
523 1818 622 1855 vitae
655 1829 732 1854 non
764 1816 942 1855 breviora
975 1817 1105 1856 meae!

274 1874 386 1920 Quod
418 1876 564 1925 patriae
597 1875 705 1913 vultu
737 1881 944 1926 vestroque
977 1888 1185 1928 caremus,
1217 1878 1353 1929 amici,

273 1934 398 1983 Atque
432 1933 494 1971 hic
526 1935 565 1972 in
599 1933 791 1984 Scythicis
822 1933 1005 1985 gentibus
1038 1946 1124 1973 esse
1156 1947 1325 1985 queror:

274 1991 444 2041 Utraque
477 2003 600 2042 poena
632 1993 787 2042 gravis.
838 1994 964 2031 merui
996 1998 1125 2031 tamen
1157 1992 1261 2031 Urbe
1293 2005 1450 2045 carere,

210 2057 253 2087 50
275 2049 360 2087 Non
393 2051 519 2088 merui
551 2049 614 2088 tali
648 2051 806 2088 forsitan
841 2062 926 2089 esse
960 2050 1067 2090 loeo.

273 2107 375 2152 Quid
419 2107 559 2159 loquor
590 2107 633 2147 a!
684 2107 878 2147 demens?
927 2111 1049 2160 ipsam
1083 2121 1238 2160 quoque
1271 2110 1436 2161 perdere

1000 2168 1142 2219 vitam,

274 2222 448 2263 Caesaris
482 2225 629 2263 offenso
663 2226 851 2277 numine,
887 2225 1026 2276 dignus
1060 2238 1190 2265 eram.
