1575 2489
148 88 234 130 250
686 87 939 121 FASTORUM

322 197 494 248 Errant,
527 207 631 234 nunc
662 196 789 246 posito
821 196 995 246 pascitur
1026 194 1163 233 umbra
1195 193 1304 233 cibo.

263 254 353 293 Nec·
368 261 496 292 tamen
522 253 616 291 haec
643 253 772 304 ultra,
806 265 920 303 quam
951 258 1008 291 tot
1037 253 1082 291 de
1110 265 1242 291 mense
1276 253 1474 303 supersint

322 312 522 362 Luciferi,
555 316 649 361 quot
680 310 824 349 habent
856 311 1026 349 carmina
1057 316 1189 349 nostra
1220 310 1362 361 pedeS.

265 369 371 408 Hanc
391 401 401 421 ,
434 370 523 420 quia
554 371 656 407 iusta
688 369 848 419 ferunt,
880 368 1012 406 dixere
1045 368 1192 407 Feralia
1224 368 1373 420 lucem,

178 436 245 467 570
323 427 464 466 Ultima
495 426 692 478 placandis
723 426 902 465 manibus
934 426 996 464 illa
1029 427 1136 465 dies.

264 485 365 524 Ecce
397 497 522 524 annus
553 486 593 523 in
625 484 762 523 mediis
794 484 970 523 residens
1002 496 1145 523 annosa
1176 483 1317 534 puellis

327 543 444 582 Sacra
475 544 567 582 facit
598 542 783 581 Tacitae:
827 544 889 581 vix
920 549 1048 581 tamen
1079 544 1162 593 ipsa
1193 548 1319 582 tacet:

265 601 314 640 Et
345 602 476 652 digitis
508 602 582 640 tria
613 606 701 639 tura
732 600 858 639 tribus
891 600 962 639 sub
994 600 1125 639 limine
1157 601 1290 651 ponit,

326 659 407 705 Qua
440 659 568 698 brevis
601 658 795 698 occultum
828 671 915 697 mus
948 658 1021 697 sibi
1053 659 1146 697 fecit
1176 660 1273 697 iter.

178 726 244 758 575
266 717 375 756 Tunc
408 723 560 756 cantata
590 717 683 768 ligat
714 728 803 756 cum
836 717 944 755 fusco
976 716 1063 755 licia
1095 715 1284 767 rhombo,

325 775 375 814 Et
406 781 555 827 septem
587 777 718 826 nigras
750 781 879 813 versat
909 777 948 813 in
981 786 1048 813 ore
1080 774 1209 812 fabas.

267 834 457 884 Quodque
490 835 575 884 pice
608 833 841 885 adstrinxit,
880 833 981 884 quod
1015 845 1084 871 acu
1117 833 1271 870 traiecit
1303 835 1418 884 aena,

327 892 520 930 Obsutum
552 903 709 930 maenae
741 897 866 930 torret
897 893 936 929 in
968 893 1056 941 igne
1090 896 1227 942 caput3

266 949 361 988 Vina
393 962 548 1001 quoque
580 949 768 988 instillat.
825 951 904 987 vini
936 948 1208 1000 quodcumque
1241 948 1421 987 relictum

992 1013 1073 1058 est,

180 1074 247 1106 580
327 1066 404 1105 Aut
434 1067 517 1117 ipsa
536 1097 546 1117 ,
578 1072 644 1105 aut
676 1067 866 1116 comites,
898 1064 985 1116 plus
1018 1070 1146 1103 tamen
1177 1065 1261 1115 ipsa
1280 1096 1290 1116 ,
1322 1064 1441 1103 bibit.

268 1121 459 1162 ‘Hostiles
490 1124 641 1174 linguas
673 1125 907 1173 inimicaque
939 1124 1130 1160 vinximus
1163 1119 1250 1160 ora'

327 1182 427 1221 Dicit
458 1182 692 1233 discedens,
725 1180 908 1231 ebriaque
942 1181 1020 1219 exit
1051 1192 1170 1218 anus.

268 1240 452 1279 Protinus
485 1252 505 1279 a
535 1239 676 1291 nobis,
710 1251 807 1290 quae
840 1240 890 1277 sit
921 1238 991 1277 dea
1023 1237 1155 1289 Muta,
1188 1239 1390 1289 requires.

326 1298 438 1337 Disce
457 1330 468 1350 ,
499 1310 570 1349 per
602 1299 781 1349 antiquos
815 1309 912 1348 quae
945 1296 1039 1335 mihi
1071 1301 1159 1334 nota
1193 1307 1333 1336 senes.

181 1365 247 1397 585
268 1356 443 1408 Iuppiter
460 1387 472 1408 ,
503 1356 692 1395 indomito
725 1355 909 1395 Iuturnae
942 1360 1078 1405 captus
1110 1366 1265 1406 amore,

326 1414 444 1453 Multa
476 1414 565 1453 tulit
595 1419 703 1453 tanto
736 1426 814 1452 uon
845 1413 1027 1464 patienda
1058 1413 1153 1451 deo.

269 1472 334 1512 Illa
366 1472 479 1511 modo
512 1474 551 1511 in
584 1473 689 1511 silvis
721 1474 825 1510 inter
857 1471 1026 1522 coryleta
1056 1469 1220 1522 latebat,

327 1531 438 1569 Nunc
470 1532 509 1569 in
543 1536 724 1581 cognatas
756 1529 959 1568 desiliebat
990 1541 1132 1580 aquas.

269 1589 464 1628 Convocat
501 1588 564 1627 hic
602 1588 818 1640 nymphas,
858 1587 1011 1626 Latium
1048 1598 1317 1637 quaecumque

993 1644 1204 1696 tenebant,

181 1714 249 1746 590
328 1705 377 1744 Et
409 1706 499 1744 iacit
530 1706 570 1743 in
602 1704 728 1743 medio
761 1703 850 1742 talia
881 1703 996 1742 verba
1030 1703 1172 1741 choro:

271 1761 443 1802 ‘Invidet
474 1765 557 1814 ipsa
589 1762 662 1801 sibi
681 1793 692 1814 ,
723 1764 894 1813 vitatque
928 1762 1031 1812 quod
1064 1760 1219 1812 expedit
1250 1759 1328 1811 illi,

328 1821 464 1859 Vestra
497 1832 609 1859 soror
628 1852 638 1871 ,
671 1832 822 1859 summo
854 1821 1016 1870 iungere
1049 1818 1221 1858 membra
1253 1818 1348 1857 deo.

270 1879 468 1919 Consulite
502 1878 719 1917 ambobus!
764 1890 851 1916 nam
884 1890 982 1928 quae
1009 1889 1093 1916 mea
1119 1888 1255 1928 magna
1287 1876 1483 1928 voluptas,

328 1938 480 1976 Utilitas
513 1942 662 1976 vestrae
696 1938 819 1987 prima
852 1937 997 1975 sororis
1030 1937 1127 1974 erit.

181 2005 249 2036 595
270 1996 345 2034 Vos
377 1995 432 2034 illi
464 1997 503 2034 in
537 1997 661 2046 prima
693 1995 857 2045 fugienti
889 1994 1064 2033 obsistite
1098 1995 1203 2045 ripa,

328 2054 383 2093 Ne
416 2066 485 2092 sua
516 2053 699 2092 fluminea
731 2064 894 2103 corpora
927 2058 1076 2102 mergat
1107 2047 1249 2102 aqua.'

270 2113 450 2151 Dixerat:
497 2112 713 2150 adnuerant
744 2122 878 2149 omnes
911 2109 1155 2148 Tiberinides
1188 2109 1309 2162 udae,

330 2171 516 2221 Quaeque
549 2169 682 2208 colunt
714 2169 931 2220 thalamos,
963 2168 1030 2206 Ilia
1063 2168 1175 2219 diva,
1208 2173 1319 2206 tuos.

270 2229 387 2267 Forte
421 2229 494 2267 suit
525 2229 608 2267 nais
627 2259 637 2279 ,
670 2227 767 2266 Lara
798 2227 954 2265 nomine
976 2257 984 2265 .
1040 2228 1164 2277 prima
1196 2226 1263 2264 sed
1295 2225 1350 2264 illi

182 2295 250 2327 600
331 2287 438 2326 Dicta
469 2286 530 2325 bis
562 2288 766 2337 antiquum
797 2284 939 2336 syllaba
971 2297 1113 2323 nomen
1145 2290 1251 2336 erat,
