1575 2489
539 96 580 129 V.
607 98 802 129 319—392.
1251 92 1335 134 113

179 202 331 241 Belides
363 202 516 241 assidua
549 202 645 241 colla
675 207 909 254 premuntur
940 214 1058 253 aqua.

122 261 302 311 Byblidos
335 266 373 299 et
405 260 574 299 Canaces
593 292 603 312 ,
635 262 669 299 si
701 262 765 299 cui
797 261 890 299 facis
909 292 919 312 ,
951 260 1085 299 ardeat
1115 260 1228 312 igne,

179 318 258 357 Nec
289 320 365 357 nisi
396 330 466 368 per
498 320 646 357 crimen
679 320 729 357 sit
760 318 831 357 tibi
863 319 937 357 fida
969 330 1103 358 soror.

120 377 216 416 Filia
248 378 281 415 si
313 377 458 428 fuerit,
491 378 542 415 sit
573 377 675 427 quod
708 376 873 427 Pelopea
904 376 1086 429 Thyesti,

31 443 100 475 360
178 434 333 486 Myrrha
365 446 436 473 suo
467 436 597 486 patri,
630 435 935 485 Nyctimeneque
971 447 1063 473 suO.

120 493 224 532 Neve
256 493 378 543 magis
410 494 472 543 pia
505 494 555 531 sit
587 494 781 544 capitique
813 494 987 544 parentis
1019 493 1164 543 amica,

179 550 302 595 Quam
335 563 403 589 sua
435 550 494 589 vel
524 550 729 602 Pterelae,
762 551 821 589 vel
852 550 952 602 tibi,
983 550 1074 589 Nise
1095 582 1105 602 ,
1137 550 1235 589 fuit:

122 609 385 659 Infamemque
418 608 545 647 locum
579 608 738 648 sceleris
771 621 869 660 quae
902 610 1058 647 nomine
1091 609 1206 660 fecit,

178 666 327 705 Pressit
358 672 397 706 et
428 667 598 705 inductis
629 666 802 705 membra
834 672 994 718 paterna
1027 667 1146 704 rotis.

32 733 100 765 365
121 725 171 764 Ut
202 727 361 764 iuvenes
393 737 530 776 pereas
549 756 560 778 ,
592 727 764 775 proiecta
797 725 982 763 cadavera
1014 735 1205 776 quorum,

180 782 334 834 Oraque
367 783 523 822 Pisaeae
556 785 779 821 sustinuere
811 783 938 821 fores:

121 841 170 880 Ut
203 843 269 892 qui
300 842 498 891 perfusam
530 843 764 880 miserorum
796 853 910 891 saepe
943 852 1153 890 procorum

180 899 266 950 Ipse
299 911 369 938 suo
402 899 540 938 melius
573 901 759 950 sanguine
791 900 906 937 tinxit
937 898 1124 938 humumz

120 957 302 996 Proditor
335 962 378 996 ut
410 959 513 996 saevi
544 959 662 1008 periit
693 958 825 1007 auriga
857 958 1034 1009 tyranni,

33 1023 100 1054 370
180 1015 255 1060 Qui
286 1027 383 1054 nova
414 1015 585 1066 Myrtoae
618 1017 774 1053 nomina
806 1015 898 1053 fecit
931 1027 1076 1065 aquae:

122 1073 172 1112 Ut
203 1074 271 1124 qui
302 1073 474 1112 velocem
507 1074 651 1112 frustra
684 1075 833 1124 petiere
865 1073 1057 1125 puellam,

180 1131 281 1170 Dum
313 1132 411 1170 facta
445 1137 504 1170 est
535 1133 661 1183 pomis
693 1131 841 1170 tardior
871 1131 935 1169 illa
967 1131 1118 1170 tribus:

121 1189 171 1228 Ut
204 1191 272 1240 qni
302 1195 404 1229 tecta
435 1191 527 1228 novi
557 1191 721 1228 formam
753 1189 916 1228 celantia
947 1191 1115 1228 monstri

183 1247 402 1297 [Intrarunt
434 1260 570 1287 caecae
602 1260 680 1286 non
713 1247 912 1286 redeunda
944 1248 1082 1286 domus
1098 1246 1124 1297 .]

33 1314 101 1345 375
123 1306 171 1344 Ut
205 1318 372 1356 quorum
404 1306 589 1344 Aeacides
622 1307 727 1344 misit
758 1305 950 1344 violentus
983 1307 1023 1343 in
1055 1305 1173 1345 altum
1282 1314 1338 1347 (18)

181 1364 352 1415 Corpora
384 1376 472 1402 cum
505 1365 609 1402 senis
642 1364 760 1402 altera
793 1376 885 1402 sena
916 1376 1078 1414 rogum.

123 1422 171 1461 Ut
204 1434 330 1474 quos,
363 1422 521 1460 obscuri
552 1423 675 1460 victos
707 1421 932 1471 ambagibus
965 1424 1067 1473 oris,

181 1480 364 1531 Legimus
396 1480 574 1518 infandae
609 1479 779 1530 Sphinga
811 1480 965 1518 dedisse
998 1482 1108 1519 neci:

124 1538 173 1577 Ut
205 1540 271 1589 qui
302 1538 499 1577 Bistoniae
531 1538 675 1589 templo
709 1538 886 1576 cecidere
918 1538 1137 1590 Minervae,

35 1604 103 1636 380
181 1597 348 1647 Propter
381 1596 483 1647 quod
516 1597 634 1635 facies
666 1608 770 1635 nunc
804 1608 958 1647 quoque
991 1602 1095 1635 tecta
1127 1596 1285 1636 deaest:

123 1654 173 1693 Ut
205 1656 273 1706 qui
304 1654 475 1693 Threicii
508 1654 701 1705 quondam
734 1656 937 1706 praesepia
969 1656 1073 1705 regis

180 1712 375 1752 Fecerunt
406 1712 569 1764 dapibus
601 1713 896 1763 sanguinolenta
929 1714 1033 1753 suis:

40 1793 88 1797 —
124 1771 477 1810 Therodamanteos
509 1777 553 1810 ut
585 1772 651 1822 qui
683 1783 841 1809 sensere
873 1771 1030 1823 leones,

182 1829 334 1880 Quique
367 1829 587 1868 Thoanteae
620 1829 785 1868 Taurica
817 1841 925 1868 sacra
957 1829 1075 1869 deae:

37 1894 103 1926 385
124 1886 173 1927 Ut
205 1900 302 1938 quos
334 1887 458 1939 Scylla
489 1899 607 1926 vorax
634 1887 859 1938 Scyllaeque
891 1888 1051 1926 adversa
1084 1887 1298 1939 Charybdis

181 1945 379 1984 Dulichiae
411 1946 569 1996 pavidos
603 1947 783 1996 eripuere
816 1947 916 1984 rati:

124 2003 174 2043 Ut
206 2016 303 2054 quos
335 2004 490 2043 demisit
521 2009 666 2043 vastam
698 2003 959 2055 Polyphemus
991 2005 1030 2041 in
1063 2003 1216 2044 alvum:

182 2062 232 2101 Ut
263 2062 560 2114 Laestrygonias
593 2063 660 2113 qui
692 2062 848 2100 subiere
881 2073 1041 2100 manus:

125 2119 174 2158 Ut
207 2132 304 2171 quos
336 2120 413 2159 dux
444 2121 600 2159 Poenus
632 2122 768 2159 mersit
799 2119 1020 2171 putealibus
1052 2120 1168 2158 undis

38 2184 105 2216 390
183 2177 232 2217 Et
263 2179 362 2217 iacto
395 2190 509 2217 canas
540 2178 700 2230 pulvere
734 2180 826 2217 fecit
859 2190 999 2228 aquas.

127 2235 202 2274 Sex
232 2235 292 2274 bis
324 2241 368 2275 ut
398 2236 566 2276 Icaridos
598 2236 762 2275 famulae
794 2238 948 2287 periere
979 2237 1191 2287 procique,

183 2293 304 2345 Inque
337 2300 452 2346 caput
483 2295 630 2334 domini
662 2296 728 2347 qui
761 2294 874 2333 dabat
906 2306 1012 2333 arma
1042 2296 1197 2346 procis:

81 2363 187 2391 orn).
223 2366 279 2391 111.
1106 2363 1127 2395 8
