1575 2489
187 97 209 135 1
218 96 270 136 16
780 95 924 127 1131D1s

303 205 381 242 Aut
412 210 449 242 te
481 203 666 242 devoveat
697 204 816 241 certis
847 202 999 241 Abdera
1030 202 1191 252 diebus,

363 261 537 311 Saxaque
571 261 753 299 devotum
784 261 970 311 grandine
1001 260 1111 311 plura
1144 265 1299 310 petant.

304 320 380 358 Aut
412 319 512 357 Iovis
543 320 677 357 infesti
707 318 783 357 telo
817 319 957 357 feriare
989 318 1177 369 trisulco,

215 386 283 416 470
362 377 412 416 Ut
443 383 549 415 satus
580 376 813 428 Hipponoo,
845 376 1114 426 Dexionesque
1145 381 1278 426 pater,

304 435 356 473 Ut
387 447 498 473 soror
529 435 726 473 Autonoes
747 466 757 485 ‚
788 440 832 473 ut
863 436 926 473 cui
957 440 1165 472 matertera
1198 433 1317 484 Maia,

362 493 413 531 Ut
443 499 589 531 temere
623 498 772 543 optatos
806 494 873 543 qui
902 492 999 531 male
1032 493 1132 530 rexit
1164 503 1310 542 equos;

305 551 355 590 Ut
386 552 493 590 serus
524 550 701 589 Aeolides
720 582 730 602 ,
761 556 805 589 ut
836 552 1023 600 sanguine
1056 561 1170 588 sexus
1203 549 1362 600 eodem,

217 617 286 648 474
366 609 449 654 Quo
483 610 611 658 genita
643 615 702 647 est
732 608 888 658 liquidis
922 620 1018 658 quae
1051 614 1158 646 caret
1188 608 1326 645 Arctos
1358 607 1495 658 aquis,

222 689 268 694 —
305 667 355 705 Ut
381 667 525 705 Macelo
553 667 698 717 rapidis
723 668 799 704 icta
826 673 884 704 est
910 678 997 704 cum
1025 667 1188 715 coniuge
1215 665 1403 717 flammis,

365 725 457 776 Sic,
489 737 658 777 precor,
690 724 854 763 aetherii
884 725 1046 762 vindicis
1078 725 1166 773 igne
1199 723 1336 760 cadas.

304 783 530 834 Praedaque
563 784 616 821 sis
647 782 750 834 illis,
784 782 926 833 quibus
958 788 1018 820 est
1048 781 1209 819 Latonia
1239 779 1354 819 Delos

364 842 463 880 Ante
496 841 596 879 diem
628 846 739 891 rapto
772 853 849 878 non
881 840 1055 878 adeunda
1087 839 1238 877 Thaso:

308 899 461 950 Quique
493 899 735 937 verecundae
767 898 1032 949 speculantem
1064 897 1170 935 labra
1201 896 1368 948 Dianae,

219 965 287 996 480
367 957 519 1007 Quique
553 957 810 1007 Crotopiaden
842 957 1038 1007 diripuere
1071 955 1236 994 Linum.

307 1015 412 1054 Neve
443 1021 630 1053 venenato
662 1015 785 1053 levius
817 1015 968 1053 seriar1s
1000 1013 1046 1052 ab
1080 1025 1225 1063 angue,

367 1073 490 1118 Quam
523 1075 626 1111 senis
660 1073 800 1122 Oeagri
831 1072 1098 1122 Calliopesque
1131 1083 1277 1109 nurus:

308 1131 432 1176 Quam
458 1143 556 1181 puer
581 1130 834 1181 Hypsipyles,
868 1142 982 1180 quam
1015 1131 1080 1180 qui
1107 1141 1197 1167 cava
1224 1130 1374 1179 primus
1407 1133 1518 1167 acuta

367 1188 534 1240 Cuspide
568 1190 741 1239 suspecti
773 1188 912 1226 robora
944 1188 1026 1226 fixit
1058 1188 1171 1238 equi.

220 1255 287 1286 485
314 1247 417 1285 Neve
449 1246 591 1296 gradus
623 1246 736 1284 adeas
768 1246 960 1296 Elpenore
994 1247 1145 1284 cautius
1177 1244 1296 1296 altos,
1463 1253 1521 1285 (23)

369 1304 531 1355 Vimque
565 1306 664 1342 feras
697 1305 775 1342 vini
808 1316 883 1354 quo
916 1303 1005 1342 tulit
1034 1303 1098 1342 ille
1130 1303 1267 1341 modo.

308 1363 480 1414 Tamque
520 1363 632 1401 cadas
672 1362 871 1414 domituS,
909 1374 1023 1413 quam
1061 1362 1238 1412 quisquis
1279 1360 1325 1398 ad
1357 1372 1464 1399 arma

1035 1425 1241 1457 vocantem

368 1479 467 1518 Iuvit
499 1479 753 1517 inhumanum
785 1478 1061 1516 Thiodamanta
1093 1477 1268 1527 Dryops:

311 1536 454 1588 [Quam
487 1538 593 1576 ferus
624 1538 707 1587 ipse
740 1549 810 1575 suo
843 1538 960 1587 periit
991 1542 1180 1574 mactatus
1212 1536 1251 1572 in
1283 1540 1394 1572 antro

221 1604 289 1635 490
368 1595 551 1633 Proditus
584 1594 755 1633 inclusae
789 1594 911 1632 Cacus
944 1594 989 1632 ab
1023 1606 1089 1631 ore
1123 1593 1231 1631 bovis
1246 1592 1272 1641 z]

311 1653 434 1698 Quam
467 1655 533 1703 qui
565 1653 664 1690 dona
696 1652 784 1691 tulit
815 1652 960 1690 Nesseo
993 1654 1113 1690 tincta
1145 1662 1317 1702 veneno,

368 1710 639 1761 Euboicasque
673 1722 742 1749 suo
775 1712 930 1748 nomine
963 1711 1086 1760 saepit
1117 1721 1257 1760 aquaS.

309 1769 389 1807 Nec
421 1769 467 1807 de
501 1770 703 1819 praecipiti
734 1770 864 1807 venias
896 1770 936 1806 in
967 1768 1128 1806 Tartara
1159 1778 1273 1817 saxo,

367 1826 417 1865 Ut
449 1828 515 1877 qui
548 1827 788 1865 Socraticum
822 1826 868 1864 de
902 1839 995 1865 nece
1027 1826 1121 1876 legit
1152 1836 1277 1876 opus3

222 1893 290 1924 495
311 1885 361 1923 Ut
393 1887 460 1935 qui
492 1885 665 1923 Theseae
698 1884 844 1922 fallacia
875 1884 957 1923 vela
989 1886 1142 1922 carinae

369 1942 500 1994 Vidit,
532 1948 576 1981 ut
606 1942 719 1981 Iliaca
751 1944 892 1980 missus
924 1942 970 1980 ab
1003 1954 1091 1980 arce
1123 1953 1245 1991 puer,

309 2001 360 2040 Ut
391 2002 519 2039 teneri
549 2002 709 2051 nutrix,
742 2000 876 2038 eadem
908 2005 1117 2038 matertera
1136 2030 1146 2050 ‚
1179 1998 1343 2050 Bacchi,

369 2059 420 2098 Ut
451 2060 515 2097 cui
546 2070 660 2097 causa
692 2059 799 2096 necis
833 2070 941 2096 serra
972 2064 1127 2108 reperta
1159 2057 1254 2108 suit3

228 2139 275 2144 —
313 2117 430 2168 Lydia
462 2129 502 2155 se
536 2116 705 2167 scopulis
737 2121 780 2154 ut
812 2118 918 2166 virgo
951 2117 1056 2154 misit
1087 2115 1133 2153 ab
1167 2115 1277 2166 altis,

224 2183 292 2214 500
372 2175 530 2213 Dixerat
561 2176 681 2213 invito
714 2186 812 2225 quae
844 2173 942 2212 mala
972 2173 1089 2212 verba
1121 2173 1193 2211 deo
1212 2203 1220 2212 .

310 2233 403 2272 Feta
435 2232 505 2271 tibi
537 2239 717 2271 occurrat
748 2233 872 2283 patrio
904 2231 1102 2282 popularis
1133 2233 1172 2269 in
1205 2243 1320 2281 arvo,

371 2290 506 2342 Sitque
539 2290 771 2329 Phalaeceae
805 2301 919 2329 causa
950 2290 1084 2328 leaena
1114 2291 1244 2328 necIs.
