1601 2484
148 70 217 105 XII

264 180 372 218 Haec
397 180 489 229 quia
513 179 799 229 propemodum
825 179 952 218 omnia
977 180 1018 217 in
1042 180 1123 230 illo,
1148 180 1194 217 de
1222 193 1295 229 quo
1317 193 1476 219 exorsus

148 250 251 286 Sum,
288 239 372 276 loco
405 238 765 287 deprehenduntur,
802 237 993 276 librorum
1023 239 1198 287 ipsorum
1228 239 1327 276 hanc
1357 239 1476 277 inter-

146 296 357 345 polationis
383 295 707 345 significationem
726 295 816 334 dixi.
882 298 1038 334 tantum
1058 297 1105 333 cle
1132 298 1377 345 pentametro
1394 298 1476 335 130

148 354 344 393 evidentia
381 366 515 391 eorum
551 353 662 391 nulla
699 354 801 402 erat3
839 366 957 402 quam
994 354 1215 403 opinionem
1245 355 1375 404 posui,
1413 355 1478 392 ad-

147 413 330 450 miniculo
368 412 495 449 utitur
532 424 683 459 eorum,
721 423 820 459 quae
853 414 1079 460 sequuntur.
1149 412 1336 460 siquando
1375 413 1476 451 eius-

148 471 236 508 dem
272 469 378 507 modi
413 469 599 507 iudicium
634 468 840 506 ferendum
877 470 945 517 sit,
991 470 1038 508 de
1076 469 1194 508 simili
1230 470 1476 509 firmamento

146 528 431 577 providendum
462 528 548 566 erit.

263 586 460 624 Versuum
498 586 743 636 singulorum
780 586 940 625 lacunae
978 586 1019 625 in
1056 587 1252 625 codicibus
1285 588 1379 626 satis
1410 600 1475 626 ve-

146 645 266 683 tustis
304 645 420 694 longe
458 647 549 682 sunt
584 644 885 693 frequentiores,
930 656 1048 693 quam
1084 647 1367 695 expectaveris,
1410 646 1478 684 ubi

146 705 272 741 metro
317 703 487 752 elegiaco
531 703 782 740 librariorum
819 702 1020 740 adcuratio
1059 704 1272 741 sustentari
1308 705 1475 752 poterat.

148 761 216 799 sed
248 761 377 810 aliquo
397 763 574 810 tempore
601 762 691 799 ante
719 761 917 799 saeculum
941 774 968 798 x
994 763 1144 799 certum
1169 764 1229 799 est
1255 762 1476 811 Fastorum,

147 819 418 868 Ponticorum,
463 819 652 857 Tristium
694 819 814 858 libros
857 820 1115 868 pentametris
1158 832 1236 857 non
1276 821 1476 859 subductis

147 878 313 927 scriptos
350 878 482 916 fuisse.
555 878 623 926 qui
658 890 795 916 versus
831 878 1082 928 neglegent-ia
1114 878 1328 916 scribarum
1359 879 1478 917 inter·

147 936 343 985 ciderunt,
382 936 545 973 saeculis
585 935 674 973 inde
712 936 761 974 ab
799 944 847 973 XI
878 936 983 973 haud
1019 936 1076 973 ita
1112 936 1242 985 inepte
1279 937 1477 974 interdum

148 994 321 1043 suppleti
368 995 628 1043 reperiuntur.
710 995 878 1032 alterum
926 1006 1050 1043 genus
1100 997 1161 1032 est
1209 1007 1361 1043 eorum,
1411 996 1477 1044 qui

146 1053 236 1090 labe
268 1053 400 1101 aliqua
431 1052 575 1091 veteris
607 1052 811 1101 archetypi
837 1053 1036 1101 absumpti
1059 1052 1230 1101 fuerunt,
1263 1053 1310 1091 de
1335 1054 1476 1102 quibus

148 1111 230 1148 sine
262 1111 411 1148 idoneis
444 1111 684 1161 argumentis
723 1111 944 1148 coniectura
974 1123 1053 1148 non
1083 1114 1146 1149 est
1177 1111 1378 1160 capienda:
1418 1115 1476 1150 ta-

147 1182 237 1206 men
269 1169 450 1217 quinque,
483 1181 581 1217 quae
612 1181 767 1217 ponam,
799 1170 977 1217 exempla
1001 1169 1210 1207 collineare
1237 1169 1287 1207 ad
1312 1170 1394 1208 eius
1421 1170 1479 1208 rei

147 1228 188 1264 in
218 1227 329 1265 Ibide
361 1227 528 1275 speciem
558 1227 846 1264 informandam
877 1227 1109 1275 putaverim.

265 1285 311 1323 V.
345 1286 429 1323 374
468 1287 532 1332 qui
563 1288 656 1322 tecta
687 1286 894 1323 Intrarunt
924 1297 1054 1324 caecae
1084 1297 1160 1324 non
1189 1287 1382 1325 redeunda
1413 1288 1477 1325 clo-

147 1356 233 1381 mus
262 1343 415 1392 pridem
435 1343 649 1381 Schradero
682 1343 893 1391 displicuit.
965 1347 1059 1382 tecta
1084 1355 1214 1383 caecae
1240 1346 1372 1383 domus
1390 1357 1479 1383 cum

147 1415 266 1440 versu
303 1402 672 1450 Metamorphoseon
702 1401 801 1438 VIII
834 1403 915 1440 153
954 1402 1204 1440 mediocriter
1240 1403 1476 1452 conspirant.

148 1463 247 1498 tecta
281 1472 357 1498 rzooz
387 1461 581 1498 redeunda
607 1460 702 1497 satis
727 1459 936 1498 infeliciter
965 1460 1172 1498 imitantur
1202 1463 1479 1500 immeabilem

149 1530 315 1557 errorem
346 1518 513 1567 Vergilii
542 1517 579 1554 V
612 1519 712 1556 591:
751 1520 864 1566 putes
903 1519 951 1557 ab
983 1519 1057 1556 hoo
1093 1519 1249 1556 homine
1289 1523 1387 1558 texta
1423 1532 1479 1558 re-

149 1578 301 1616 deunda
339 1589 386 1614 ex
422 1576 649 1625 Vergiliano
686 1577 901 1615 Parietibus
944 1579 1083 1614 textum
1118 1579 1189 1615 iter
1234 1579 1315 1616 589
1362 1579 1479 1617 scribi

148 1636 335 1685 potuisse.
405 1634 554 1672 Neuius
598 1635 645 1672 de
688 1635 884 1672 locutione
923 1633 1114 1673 Ovidiana
1150 1648 1227 1673 non
1265 1635 1477 1675 dubitavit:

151 1695 306 1743 scripsit
337 1693 503 1731 similem
535 1693 609 1742 eis,
641 1693 687 1730 de
719 1693 860 1742 quibus
891 1701 925 1731 ΙΙ
956 1707 1018 1742 pp.
1053 1695 1136 1732 260
1170 1696 1251 1733 261
1287 1697 1479 1744 exposuit,

150 1753 259 1791 cuius
285 1753 392 1790 modi
418 1752 521 1801 apud
542 1751 725 1790 Ovidium
751 1754 842 1789 sunt
869 1755 1013 1790 cessata
1038 1756 1206 1800 tempora
1225 1753 1316 1791 Met.
1337 1754 1373 1791 X
1396 1756 1478 1792 669

150 1815 190 1850 et
221 1823 318 1850 arva
336 1811 441 1849 Fast.
462 1810 543 1848 IIII
564 1812 658 1859 617,
680 1812 797 1848 errati
816 1812 901 1858 ayri
925 1810 1032 1849 Fast.
1058 1811 1118 1848 III
1139 1812 1234 1860 655,
1255 1815 1377 1850 terrae
1396 1812 1482 1850 IIII

153 1872 256 1917 673,
297 1870 532 1908 redundatae
573 1880 694 1916 aquae
724 1867 780 1906 VI
812 1870 895 1906 422
929 1869 1045 1908 Trist.
1078 1869 1139 1906 III
1170 1878 1202 1907 X
1236 1872 1308 1918 52,
1349 1870 1483 1918 Cybele

152 1929 346 1967 exululata
369 1927 474 1965 Fast.
502 1926 559 1964 VI
589 1928 682 1965 136.
749 1927 972 1976 putaverim
1004 1930 1043 1966 et
1068 1928 1164 1966 haec
1191 1928 1286 1966 satis
1312 1928 1481 1977 differre,

149 1999 221 2024 nec
241 1998 340 2035 quae
359 1986 534 2035 proxime
554 1985 708 2035 paginis
729 1987 917 2034 quattuor
937 1986 1171 2025 doctissimis
1190 1990 1481 2036 percensentur,

151 2045 359 2094 quicquam
402 2045 595 2087 conferre,
637 2046 796 2092 praeter
837 2044 1018 2082 fortassis
1055 2045 1169 2092 iHud,
1214 2045 1317 2094 quod
1354 2046 1482 2083 Plinio

149 2103 316 2152 placuit,
353 2102 443 2141 Nat.
476 2104 512 2141 h.
543 2102 710 2139 XXXVI
743 2103 826 2140 104
864 2102 910 2139 de
942 2102 1039 2140 urbe
1071 2103 1195 2140 Roma
1231 2116 1300 2151 per
1331 2104 1482 2142 cloacas

148 2163 288 2209 pensili
317 2161 423 2199 facta
455 2163 494 2198 et
525 2162 650 2200 subter
679 2162 878 2208 waviyccta:
915 2172 1006 2197 nam
1037 2163 1167 2199 urhem
1196 2164 1377 2209 mcviyccri
1406 2174 1484 2199 non

150 2220 276 2257 multo
308 2219 547 2257 commodius
579 2219 655 2256 dici
685 2230 785 2267 reor,
816 2231 933 2267 quam
965 2220 1116 2258 domum
1141 2231 1216 2258 non
1240 2221 1483 2269 redeundum,

151 2278 415 2328 stribliginem
445 2277 703 2316 manifestam.
