1601 2484
556 78 584 112 1.
611 86 644 110 11
664 79 806 111 44—111
825 79 857 111 4.
1356 75 1380 116 7

167 185 279 231 Quod
305 185 436 224 faciles
464 191 554 236 opto
587 191 722 224 ventos
743 217 753 237 ,
782 206 834 213 —
858 186 946 237 quis
978 184 1141 223 credere
1168 190 1305 236 posset
1325 206 1380 212 —-

169 244 353 282 Sarmatis
385 249 446 282 est
476 243 620 295 tellus,
654 256 768 294 quam
800 255 885 282 mea
917 243 999 281 vela
1030 248 1191 293 petunt.

167 301 326 353 Obligor
344 332 355 354 ,
387 307 431 340 ut
462 308 616 352 tangam
647 302 745 340 laevi
777 302 857 340 sera
888 302 1001 340 litora
1034 300 1170 350 Ponti3

166 359 356 411 Quodque
389 362 439 398 sit
470 372 490 398 a
522 361 644 411 patria
676 366 754 398 tam
786 360 876 411 fuga
906 359 1043 410 tarda,
1077 371 1244 409 queror.

100 426 145 457 85
165 418 304 457 Nescio
337 430 413 469 quo
445 418 595 456 videam
626 419 774 469 positos
806 424 850 456 ut
880 419 920 456 in
953 417 1046 455 orbe
1079 416 1274 469 Tomitas,

165 476 315 514 Exilem
347 477 444 514 facio
477 488 547 527 per
578 488 663 514 mea
694 482 781 514 vota
812 477 933 514 viam.

167 535 245 573 Seu
275 546 337 573 me
369 534 547 586 diligitis,
579 539 707 573 tantos
739 535 962 584 conpescite
994 533 1161 584 fluetus,

165 592 370 643 Pronaque
403 594 480 631 sint
511 598 667 631 nostrae
699 594 858 631 numina
889 597 1017 630 vestra
1049 592 1145 642 rati3

167 650 244 689 Seu
275 652 395 701 magis
428 651 593 703 odistis,
624 652 752 690 iussae
784 663 846 689 me
879 650 1066 688 advertite
1098 654 1250 688 terrae:

101 717 146 748 90
169 708 357 760 Supplicii
387 721 478 760 pars
509 714 569 747 est
599 710 640 747 in
671 710 830 759 regione
864 709 961 747 mei.

167 766 352 805 Ferte—
368 767 460 818 quid
487 767 550 805 hic
570 767 667 805 facio
688 765 709 805 P
725 788 780 793 —
800 765 925 816 rapidi
951 777 1037 803 mea
1062 777 1226 816 corpora
1252 764 1381 805 venti!

165 825 357 864 Ausonios
388 826 485 863 fines
517 837 587 864 our
618 836 703 863 mea
733 825 817 863 vela
847 821 1015 862 volunt?

166 883 298 921 Noluit
324 883 396 921 hoc
423 883 563 921 Caesar
583 913 591 921 .
642 883 765 933 quid,
799 894 914 933 quem
942 883 1049 932 sugat
1078 881 1142 919 ille
1161 913 1173 933 ‚
1204 880 1382 921 tenetis?

167 942 337 992 Aspiciat
368 941 497 979 vultus
529 941 689 979 Pontica
720 946 825 978 terra
856 952 987 978 meos.

102 1008 147 1038 95
167 999 216 1038 Et
246 999 354 1037 iubet
386 1004 424 1038 et
456 1000 610 1037 merui.
660 1011 761 1051 nec,
794 1011 891 1049 quae
925 998 1164 1036 damnaverit
1195 997 1282 1050 ille,

168 1057 336 1096 Crimina
368 1057 523 1096 defendi
555 1058 689 1108 sasque
722 1058 908 1107 piumque
940 1062 1058 1107 puto.

168 1115 209 1154 Si
240 1121 369 1154 tamen
401 1121 485 1154 acta
516 1115 609 1154 deos
641 1127 852 1166 numquam
884 1115 1060 1153 mortalia
1092 1114 1252 1166 fallunt,

168 1175 198 1211 A
230 1173 343 1224 culpa
374 1173 523 1212 facinus
556 1175 663 1212 scitis
696 1173 830 1212 abesse
862 1185 969 1212 mea.

168 1228 288 1269 Immo
321 1234 401 1283 ita,
434 1233 467 1269 si
499 1233 606 1270 scitis
625 1262 635 1282 ‚
668 1233 700 1270 si
733 1243 793 1269 me
825 1243 935 1270 meus
968 1230 1127 1269 abstulit
1159 1242 1294 1282 error,

83 1297 148 1328 100
170 1289 372 1339 Stultaque
404 1301 514 1327 mens
546 1289 687 1341 nobis,
720 1302 796 1328 non
830 1289 1016 1328 scelerata
1049 1290 1150 1327 fuit:

171 1347 282 1393 Quod
314 1347 406 1386 licet
437 1353 475 1386 et
507 1349 675 1386 minimis
695 1379 705 1399 ,
738 1348 871 1386 domui
903 1349 935 1385 si
967 1348 1130 1385 favimus
1162 1347 1234 1399 illi,

171 1405 211 1443 Si
243 1406 335 1444 satis
367 1406 532 1456 Augusti
563 1405 717 1456 publica
749 1408 854 1444 iussa
886 1405 1003 1444 mihi:

168 1462 249 1501 Hoc
282 1463 379 1502 duce
413 1465 445 1501 si
477 1463 555 1501 dixi
587 1464 711 1502 felicia
745 1464 926 1515 saecula,
958 1475 1108 1514 proque

169 1521 331 1560 Caesare
363 1527 451 1560 tura
481 1523 556 1572 piis
589 1521 896 1572 Caesaribusque
929 1521 1040 1560 dedi:

83 1587 147 1618 105
170 1579 211 1618 Si
243 1580 316 1618 suit
346 1579 409 1618 hic
442 1581 593 1618 animus
625 1579 737 1618 nobis
756 1612 766 1631 ‚
797 1581 849 1618 ita
881 1581 1028 1630 parcite
1061 1578 1161 1618 divi!

169 1637 209 1675 Si
242 1639 398 1690 minus,
429 1638 503 1677 alta
535 1638 677 1676 cadens
709 1638 849 1677 obruat
879 1638 982 1676 unda
1014 1637 1152 1689 caput!

167 1695 322 1748 Fallor‚
354 1708 402 1735 an
433 1698 626 1747 incipiunt
656 1696 835 1747 gravidae
867 1708 1076 1735 vanescere
1110 1695 1259 1749 nubes,

168 1753 353 1805 Victaque
386 1757 524 1793 mutati
555 1755 746 1806 frangitur
778 1755 881 1793 unda
913 1753 1065 1794 maris?

166 1812 251 1850 Non
284 1812 405 1852 casu!
449 1825 517 1851 vos
550 1813 616 1851 sed
650 1813 722 1852 sub
756 1813 984 1852 condicione
1018 1814 1165 1865 vocati,

83 1878 147 1910 110
168 1870 316 1910 Fallere
349 1883 446 1922 quos
477 1883 556 1910 non
589 1878 676 1924 est,
709 1871 807 1910 hanc
840 1871 934 1910 mihi
966 1871 1076 1911 fertis
1109 1884 1233 1922 opem.

673 1999 755 2047 III.

168 2102 264 2141 Cum
297 2103 403 2142 subit
433 2104 537 2143 illius
569 2106 792 2143 tristissima
826 2106 952 2144 noctis
984 2106 1128 2157 imago,

168 2160 252 2206 Qua
284 2162 377 2200 mibi
410 2175 637 2214 supremum
668 2168 823 2214 tempus
855 2165 894 2202 in
926 2163 1030 2201 Urbe
1063 2164 1158 2214 fuit,

169 2219 265 2257 Cum
298 2226 432 2271 repeto
464 2227 619 2260 noctem
638 2253 649 2273 ‚
682 2234 756 2272 qua
789 2227 846 2261 tot
877 2222 971 2260 mihi
1004 2233 1091 2260 cara
1123 2221 1287 2274 reliqui,

170 2276 332 2317 Labitur
363 2291 409 2318 ex
442 2279 564 2318 oculis
596 2292 700 2318 nunc
733 2292 888 2332 quoque
921 2284 1028 2330 gutta
1061 2281 1181 2320 meis.
