1575 2489
206 90 291 131 130
746 90 990 122 EX.PONTO

323 197 399 235 Sed
431 208 597 248 vereor,
630 208 677 234 ne
711 208 770 234 me
803 197 948 234 frustra
979 209 1133 235 servare
1167 196 1341 248 labores,

257 263 301 294 90
380 254 464 292 Neu
496 255 606 292 iuver
638 254 788 292 admota
820 254 995 304 perditus
1028 267 1142 305 aeger
1175 267 1269 306 ope.

321 311 400 350 Nec
432 312 570 362 loquor
601 311 695 350 haec
714 342 724 362 ‚
758 313 847 362 quia
879 313 928 350 sit
959 314 1081 350 maior
1112 313 1319 363 prudentia
1351 313 1490 366 nobis;

381 369 455 408 Sed
489 381 575 408 sum
609 381 723 419 quam
755 370 905 408 medico
938 372 1066 408 notior
1098 373 1180 421 ipse
1213 371 1330 409 mihi.

321 427 372 465 Ut
404 433 531 466 tamen
563 427 636 465 hoc
668 429 721 466 ita
753 428 830 478 sit,
862 439 1004 466 munus
1036 433 1101 466 tua
1134 429 1278 478 grande
1311 428 1490 468 voluntas

380 485 437 524 Ad
471 497 529 523 me
562 486 768 537 pervenit,
801 485 1094 537 consuliturque
1128 486 1241 524 boni.

816 612 921 660 IIII.

322 716 400 755 Iam
432 717 526 755 mihi
559 717 728 755 deterior
761 718 866 754 canis
899 718 1117 767 aspergitur
1150 722 1277 769 aetas,

379 775 536 825 Iamque
568 786 675 813 meos
708 774 837 813 vultus
869 786 964 825 ruga
997 775 1129 813 senilis
1162 780 1266 814 arat:

320 833 399 871 lam
431 834 540 883 vigor
573 838 610 871 et
643 844 782 883 quasso
815 832 1000 883 languent
1031 834 1070 870 in
1103 844 1266 883 corpore
1300 834 1427 884 vires3

379 891 458 929 Neo
478 922 488 942 ,
519 893 649 929 iuveni
680 891 789 929 lusus
823 893 889 940 qui
921 891 1130 941 placuere,
1163 892 1317 929 iuvant.

281 958 300 987 5
322 949 400 987 Nec
420 980 430 1000 ,
463 951 496 987 si
527 961 587 987 me
621 949 748 988 subito
781 949 938 999 videas,
972 961 1181 999 agnoscere
1214 950 1364 999 possis:

381 1007 526 1045 Aetatis
559 1007 658 1045 sacta
691 1012 750 1045 est
781 1012 886 1045 tanta
918 1009 1030 1045 ruina
1063 1019 1195 1046 meae.

322 1065 518 1103 Confiteor
551 1065 677 1103 facere
710 1065 783 1102 hoc
816 1076 958 1102 annos:
998 1065 1065 1103 sed
1105 1071 1144 1103 ct
1176 1065 1294 1103 altera
1329 1076 1443 1104 causa
1477 1071 1558 1104 est*

381 1124 563 1161 Anxietas
596 1124 714 1160 animi
746 1124 1034 1173 continuusque
1066 1122 1196 1160 labor.

322 1181 417 1219 Nam
450 1192 534 1219 mea
565 1193 635 1231 per
667 1180 802 1230 longos
835 1181 956 1230 siquis
989 1180 1085 1218 mala
1118 1180 1267 1231 digerat
1303 1192 1448 1232 annos,

260 1248 302 1278 10
382 1238 504 1277 Crede
538 1238 660 1289 mihi,
693 1238 800 1289 Pylio
833 1238 996 1276 Nestore
1029 1240 1150 1276 maior
1183 1250 1274 1277 ero.

323 1296 483 1348 Cernis,
519 1303 562 1335 ut
596 1299 635 1334 in
672 1296 780 1335 duris
806 1318 852 1322 —
881 1301 919 1334 et
955 1296 1046 1346 quid
1083 1296 1179 1334 bove
1215 1295 1399 1336 firmius?
1424 1319 1471 1324 —

1051 1356 1150 1392 arvis
1480 1364 1537 1396 (16)

382 1413 512 1452 Fortia
544 1418 746 1451 taurorum
780 1425 943 1463 corpora
976 1412 1127 1463 frangat
1159 1425 1278 1463 opus.

323 1471 428 1516 Quae
462 1483 671 1522 numquam
706 1483 824 1510 vacuo
858 1470 968 1509 solita
1001 1476 1059 1508 est
1091 1482 1244 1509 cessare
1277 1472 1426 1523 novali,

382 1529 591 1568 Fructibus
623 1529 790 1567 assiduis
823 1529 921 1567 lassa
954 1530 1122 1567 senescit
1153 1529 1319 1568 humus.

260 1596 302 1626 15
325 1587 515 1638 Occidet,
549 1586 594 1625 ad
627 1589 722 1625 circi
755 1589 878 1637 siquis
911 1588 1122 1625 certamina
1155 1599 1309 1639 semper

381 1645 466 1684 Non
498 1646 732 1683 intermissis
765 1645 944 1684 cursibus
976 1644 1048 1683 ibit
1081 1657 1228 1695 equus.

323 1704 452 1742 Firma
485 1705 535 1742 sit
566 1703 628 1741 illa
660 1703 778 1753 licet,
811 1703 983 1741 solvetur
1016 1705 1055 1741 in
1087 1715 1254 1753 aequore
1289 1704 1420 1754 navis,

383 1762 487 1807 Quae
521 1773 733 1812 numquam
765 1761 922 1812 liquidis
956 1762 1057 1799 sicca
1090 1762 1237 1800 carebit
1269 1763 1401 1812 aquis,

322 1820 383 1859 Me
416 1832 571 1871 quoque
604 1819 777 1858 debilitat
813 1821 933 1858 series
966 1821 1140 1858 inmensa
1172 1820 1385 1871 malorum,

259 1887 303 1917 20
382 1879 480 1917 Ante
512 1889 641 1916 meum
673 1883 829 1929 tempus
861 1879 963 1928 cogit
995 1884 1032 1916 et
1065 1890 1149 1916 esse
1183 1889 1337 1917 senem.

325 1935 411 1975 Otia
444 1947 586 1986 corpus
619 1935 754 1985 alunt,
787 1937 938 1974 animus
966 1948 1120 1986 quoque
1151 1938 1325 1987 pascitur
1356 1935 1456 1974 illis:

383 1994 603 2032 Inmodicus
636 2000 769 2032 contra
803 1996 925 2044 carpit
957 1999 1167 2044 utrumque
1199 1994 1329 2032 labor.

324 2053 492 2104 Aspice,
524 2054 564 2090 in
596 2052 664 2090 has
697 2053 818 2103 partis
850 2052 952 2102 quod
986 2054 1135 2090 venerit
1166 2054 1315 2091 Aesone
1349 2056 1488 2103 natus,

385 2110 507 2155 Quam
538 2110 690 2148 laudem
723 2122 744 2148 a
776 2121 860 2148 sera
893 2111 1121 2160 posteritate
1155 2111 1273 2149 serat.

260 2176 304 2206 25
326 2169 374 2207 At
407 2168 514 2206 labor
545 2168 649 2207 illius
682 2173 816 2207 nostro
848 2167 1046 2218 leviorque
1078 2170 1283 2219 minorque
1317 2174 1397 2218 est,

386 2227 427 2265 Si
459 2227 571 2265 modo
606 2239 681 2264 non
714 2238 848 2264 verum
881 2227 1035 2264 nomina
1067 2238 1203 2277 magna
1236 2232 1442 2277 premunt.

326 2284 391 2323 llle
425 2290 484 2323 est
514 2286 554 2322 in
587 2284 752 2323 Pontum
786 2284 890 2323 Pelia
921 2285 1099 2323 mittente
1133 2285 1355 2337 profectus,
