1601 2484
183 54 238 95 32
728 56 957 89 TRISTIUM

299 163 472 201 Plurima
503 162 721 201 mulcendis
754 161 914 201 auribus
947 168 1034 213 apta
1067 163 1221 202 ferens:

301 221 442 259 Accius
476 226 579 258 esset
611 226 750 272 atrox,
782 222 940 259 conviva
971 221 1181 259 Terentius
1213 226 1348 272 esset,

213 287 280 318 360
301 278 442 316 Essent
473 290 697 329 pugnaces,
732 279 800 328 qui
831 278 912 316 sera
943 278 1043 317 bella
1075 284 1241 317 canunt.

301 336 477 386 Denique
511 337 713 386 composui
744 341 902 374 teneros
933 349 1011 375 non
1043 337 1149 375 solus
1181 348 1358 376 amores:

303 394 526 444 Composito
558 405 703 444 poenas
736 393 840 432 solus
873 406 1004 433 amore
1035 394 1146 434 dedi.

302 451 402 497 Quid
422 482 433 502 ,
467 453 541 489 nisi
573 463 662 490 cum
694 451 816 490 multo
848 451 1037 491 Venerem
1070 452 1310 491 confundere
1344 453 1431 490 vino

303 510 507 560 Praecepit
538 509 649 560 lyrici
680 509 773 547 Teia
804 509 912 548 Musa
940 512 1044 549 senis
1064 508 1085 549 Ῥ

214 576 281 607 365
302 567 440 606 Lesbia
475 568 565 618 quid
599 567 731 606 docuit
764 567 947 620 Sappho,
981 570 1054 607 nisi
1087 580 1245 620 amare,
1277 566 1461 619 puellas?

301 625 400 664 Tuta
431 632 560 664 tamen
595 626 748 676 Sappho
768 657 778 677 ,
811 632 918 664 tutus
952 631 991 665 et
1022 626 1084 664 ille
1118 627 1213 665 fuit.

302 683 381 722 Nec
415 683 514 735 tibi,
547 684 721 722 Battiade
741 715 751 734 ,
783 686 946 735 nocuit,
979 684 1082 734 quod
1116 696 1230 735 saepe
1263 684 1406 734 legenti

301 742 468 780 Delicias
500 754 615 780 versu
649 743 775 780 fassus
808 755 849 780 es
882 744 965 792 ipse
999 748 1108 780 tuaS.

303 800 446 838 Fabula
477 800 639 838 iucundi
671 800 774 838 nulla
807 806 866 838 est
899 802 981 838 sine
1015 811 1145 838 amore
1177 800 1402 851 Menandri,

214 866 281 897 370
302 857 350 896 Et
382 858 480 896 solet
511 858 575 896 hic
608 860 740 908 pueris
773 858 1066 909 virginibusque
1099 857 1196 908 legi.

304 916 392 954 Ilias
424 918 505 967 ipsa
539 916 630 967 quid
664 922 724 955 est
755 916 857 954 aliud
890 918 965 954 nisi
997 916 1193 967 adultera,
1226 915 1272 953 de
1306 928 1381 966 qua

304 974 410 1012 Inter
443 980 654 1012 amatorem
687 987 814 1025 pugna
846 976 1049 1024 virumque
1083 972 1189 1012 suit?

304 1032 405 1077 Quid
437 1034 546 1083 prius
579 1039 638 1071 est
669 1032 723 1071 illi
754 1033 905 1071 ssamma
938 1032 1134 1070 Briseidos
1167 1038 1287 1083 utque

304 1090 458 1128 Fecerit
489 1092 608 1128 iratos
641 1097 749 1141 rapta
780 1091 907 1141 puella
939 1088 1093 1128 duces?

216 1157 282 1186 375
304 1149 379 1186 Aut
406 1148 498 1198 quid
532 1148 702 1198 Odyssea
735 1155 795 1187 est
839 1150 913 1186 nisi
940 1149 1081 1186 semina
1124 1154 1286 1199 propter
1324 1159 1519 1200 amorem,

306 1206 404 1244 Dum
437 1208 495 1244 vir
527 1206 666 1257 abest,
699 1206 830 1245 multis
863 1218 938 1244 una
971 1208 1091 1256 petita
1124 1203 1251 1244 viris?

304 1265 399 1309 Quis
431 1265 506 1302 nisi
538 1263 759 1302 Maeonides
792 1263 984 1302 Venerem
1017 1264 1257 1314 Martemque
1294 1263 1431 1315 ligatos

305 1322 472 1373 Narrat,
505 1324 542 1360 in
577 1322 745 1360 obsceno
779 1335 942 1373 corpora
973 1334 1115 1373 prensa
1146 1319 1268 1360 toro?

306 1380 447 1432 Unde,
480 1382 554 1419 nisi
586 1380 729 1419 indicio
762 1382 890 1431 magni
923 1382 1111 1419 sciremus
1144 1379 1331 1428 Homeri,

216 1447 283 1478 380
305 1439 476 1489 Hospitis
508 1440 596 1489 igne
630 1439 725 1477 duas
757 1438 966 1477 incaluisse
999 1436 1124 1476 deas?

304 1497 427 1535 Omne
459 1509 582 1547 genus
614 1498 750 1547 scripti
781 1498 966 1547 gravitate
999 1496 1195 1547 tragoedia
1228 1497 1370 1534 vineit:

305 1554 408 1593 Haec
441 1567 597 1605 quoque
629 1556 829 1593 materiam
862 1566 1015 1606 semper
1048 1556 1190 1592 amoris
1222 1553 1360 1592 habet.

304 1613 405 1651 Num
427 1613 519 1663 quid
544 1614 584 1650 in
605 1612 835 1663 Hippolyto,
861 1615 935 1651 nisi
963 1625 1098 1651 caecae
1124 1613 1276 1650 flamma
1296 1610 1518 1650 novercae?

304 1670 451 1709 Nobilis
487 1677 546 1709 est
579 1670 726 1709 Canace
760 1672 889 1709 fratris
922 1683 1052 1709 amore
1085 1672 1168 1709 sui.

218 1737 284 1769 385
307 1729 406 1774 Quid
427 1727 448 1767 ἱ)
492 1741 570 1767 non
602 1729 852 1780 Tantalides,
884 1731 1051 1780 agitante
1085 1728 1274 1779 Cupidine
1308 1740 1470 1779 currus,

305 1788 479 1825 Pisaeam
511 1787 688 1838 Phrygiis
721 1789 822 1825 vexit
854 1787 1027 1825 eburnus
1061 1789 1170 1838 equis
1190 1785 1210 1825 ἶ)

307 1845 521 1896 Tingueret
552 1851 595 1883 ut
627 1846 775 1883 ferrum
807 1851 987 1884 natorum
1020 1847 1206 1896 sanguine
1238 1850 1389 1896 mater,

307 1904 490 1942 Concitus
523 1916 543 1941 a
574 1904 676 1942 laeso
710 1904 802 1942 fecit
833 1916 962 1942 amore
996 1903 1129 1943 dolor.

307 1962 415 2000 Fecit
447 1973 554 2000 amor
586 1961 734 2000 subitas
766 1962 944 2000 volucres
978 1974 1064 2000 eum
1097 1961 1243 2013 paelice
1276 1973 1408 2012 regem

218 2029 284 2059 390
307 2020 491 2070 Quaeque
524 2032 638 2058 suum
669 2020 775 2071 luget
806 2032 909 2059 nunc
942 2032 1097 2070 quoque
1130 2026 1252 2058 mater
1283 2019 1393 2070 Ityn.

309 2079 348 2116 Si
381 2091 456 2117 non
490 2079 669 2129 Aeropen
700 2080 820 2117 frater
852 2078 1065 2117 sceleratus
1098 2084 1286 2130 amasset,

307 2138 474 2175 Aversos
507 2136 607 2175 Solis
640 2149 717 2175 non
749 2137 966 2187 legeremus
999 2149 1143 2187 equoS.

308 2195 427 2246 Impia
461 2208 533 2234 nec
568 2197 734 2246 tragicos
766 2197 959 2246 tetigisset
991 2194 1115 2246 Scylla
1147 2195 1385 2246 cothurnos,

307 2254 351 2292 Ni
384 2255 553 2305 patrium
587 2256 734 2292 crinem
767 2254 1008 2293 desecuisset
1039 2265 1169 2292 amor.
