1575 2489
654 106 714 139 vr.
742 107 939 140 611—681.
1378 105 1458 146 351

246 213 309 252 Sic
342 214 468 263 agitur
500 225 665 251 censura
698 218 736 251 et
768 214 824 251 sic
857 213 1031 264 exempla
1062 218 1272 265 parantur,

304 271 398 310 Cum
436 271 573 309 vindex
592 302 602 322 ‚
634 271 728 309 alios
761 271 865 321 quod
897 278 1059 323 monet,
1091 274 1174 322 ipse
1207 272 1322 311 facit.

500 361 563 401 12.
596 359 677 402 CN
742 361 805 403 13.
837 361 875 402 D
902 361 1088 404 EID-N

245 445 356 484 Nulla
388 451 478 483 nota
510 449 569 482 est
601 445 779 483 veniente
812 445 903 496 die,
944 458 1059 496 quam
1092 446 1222 485 dicere
1254 447 1403 497 possis.

157 512 225 543 650
303 502 435 541 Idibus
467 501 613 540 Invicto
646 508 738 542 sunt
769 503 854 542 data
887 504 1028 555 templa
1060 503 1162 543 Iovi.

244 561 293 599 Et
325 562 401 600 iam
434 560 702 611 Quinquatrus
734 561 873 600 iubeor
905 573 1064 600 narrare
1096 564 1290 601 minores.

303 619 415 657 Nunc
442 619 533 656 ades
565 618 616 656 o!
661 621 809 670 coeptis
828 650 839 671 ‚
871 619 966 658 ssava
998 620 1197 672 Minerva,
1231 622 1348 659 meis.

247 675 346 716 ‘Cur
379 689 497 727 vagus
529 676 675 715 incedit
706 683 786 716 tota
818 678 963 716 tibicen
995 680 1035 717 in
1067 678 1170 717 Urbe
1190 677 1211 717 ἶ)

305 735 405 781 Quid
438 734 513 773 sibi
544 747 732 786 personae
751 767 762 786 ‚
795 736 888 786 quid
921 736 1017 774 stola
1048 736 1162 787 longa
1194 733 1385 776 voiuntP'

159 802 225 834 655
248 793 311 832 Sic
344 805 444 844 ego.
501 794 556 831 sic
589 794 714 844 posita
747 793 921 833 Tritonia
953 795 1112 845 cuspide
1146 795 1263 834 dixit:

305 852 456 890 Possim
489 853 637 890 utinam
669 852 805 890 doctae
838 852 955 890 verba
986 853 1135 890 referre
1168 852 1285 892 deae!

246 907 527 961 ‘Temporibus
560 915 735 947 veterum
768 910 939 948 tibicinis
972 922 1068 948 usus
1100 922 1259 949 avorum

304 969 465 1018 Magnus
497 973 536 1005 et
567 968 606 1005 in
638 978 777 1017 magno
811 979 966 1018 semper
998 968 1145 1007 honore
1178 969 1274 1008 fuit.

247 1026 432 1065 Cantabat
464 1025 562 1063 fanis
581 1055 591 1075 ‚
625 1025 804 1064 cantabat
834 1026 927 1064 tibia
959 1026 1084 1078 ludis,

159 1093 226 1124 660
306 1083 492 1122 Cantabat
523 1085 682 1121 maestis
716 1083 809 1122 tibia
841 1084 1069 1123 funeribus:

247 1141 378 1180 Dulcis
411 1146 495 1179 erat
526 1141 707 1179 mercede
738 1141 874 1180 labor.
934 1148 1169 1194 tempusque
1202 1149 1404 1196 secutum,

307 1199 418 1245 Quod
451 1199 579 1237 subito
612 1198 748 1238 Graiae
782 1201 979 1250 frangeret
1011 1203 1104 1240 artis
1137 1214 1259 1254 opus3

246 1258 353 1296 Adde
387 1257 490 1308 quod
523 1257 687 1309 aediliS‚
719 1270 898 1309 pompam
931 1261 997 1310 qui
1029 1259 1178 1298 funeris
1210 1262 1336 1312 irent,

306 1317 485 1354 Artifices
518 1315 621 1353 solos
653 1317 820 1355 iusserat
853 1329 938 1355 esse
971 1317 1129 1357 decem.

161 1383 226 1415 665
248 1375 371 1413 Exitio
403 1379 554 1412 mutant
586 1373 759 1426 Urbem,
791 1375 992 1426 Tiburque
1024 1376 1236 1415 recedunt.

306 1433 473 1471 Exilium
506 1432 673 1483 quodam
704 1438 879 1484 tempore
913 1433 1036 1472 Tibur
1068 1442 1171 1473 erat.

249 1492 458 1537 Quaeritur
489 1492 529 1529 in
562 1491 700 1529 scaena
733 1504 823 1530 cava
855 1491 977 1544 tibia,
1010 1494 1212 1543 quaeritur
1244 1495 1345 1545 aris;

306 1550 420 1588 Ducit
452 1561 655 1599 supremos
689 1551 824 1587 naenia
857 1550 961 1588 nulla
993 1556 1123 1589 toros.

249 1608 444 1646 Servierat
475 1607 630 1657 quidam
650 1638 660 1658 ‚
693 1607 935 1658 quantolibet
967 1609 1103 1647 ordme
1136 1609 1299 1661 dignus,

160 1675 226 1706 670
306 1666 449 1704 Tibure
469 1697 479 1716 ‚
513 1665 579 1703 sed
612 1665 726 1715 longo
760 1671 934 1716 tempore
966 1666 1065 1705 liber
1098 1674 1204 1707 erat.

249 1724 353 1763 Rure
387 1725 504 1774 dapes
535 1729 645 1773 parat
677 1723 739 1762 ille
772 1736 842 1762 suo
862 1756 873 1776 ‚
906 1724 1138 1776 turbamque
1171 1738 1351 1764 canoram

307 1782 529 1821 Convocat:
574 1781 621 1819 ad
653 1782 771 1820 festas
804 1784 986 1821 convenit
1017 1783 1080 1822 illa
1113 1784 1252 1835 dapes.

248 1841 331 1879 Nox
363 1846 475 1891 erat,
508 1845 547 1878 et
580 1841 677 1878 vinis
709 1841 890 1891 oculique
923 1843 1117 1892 animique
1151 1842 1355 1894 natabant,

306 1899 402 1937 Cum
435 1900 746 1949 praecomposito
780 1901 941 1938 nuntius
973 1912 1040 1938 ore
1074 1902 1201 1952 venit,

159 1965 226 1997 675
248 1958 373 2008 Atque
405 1959 457 1996 ita
476 1989 486 2008 ‚
519 1953 651 2007 “quid
682 1969 811 1996 cessas
844 1960 1017 1996 convivia
1049 1958 1199 1997 solvere
1219 1955 1276 1997 ?''
1309 1960 1405 1998 dixit

305 2013 483 2054 “Auctor
516 2016 706 2054 vindictae
739 2017 814 2055 iam
848 2018 952 2055 venit
984 2029 1074 2055 ecce
1107 2013 1257 2056 tuae.''

247 2074 326 2113 Nec
362 2086 497 2125 mora,
530 2075 712 2113 convivae
746 2074 869 2113 valido
904 2074 1108 2114 titubantia
1139 2077 1229 2114 vino

305 2133 477 2171 Membra
510 2139 692 2172 movent:
730 2133 839 2171 dubii
871 2138 1050 2184 stantque
1084 2133 1290 2185 labantque
1323 2135 1463 2185 pedes.

247 2191 295 2230 At
326 2191 506 2230 dominus
539 2188 764 2230 “discedite
787 2188 832 2230 1²³
866 2193 940 2243 ait,
980 2192 1230 2243 plaustroque
1266 2199 1462 2232 morantes

160 2257 227 2288 680
309 2249 504 2288 Sustulit:
547 2251 586 2288 in
619 2250 792 2301 plaustro
826 2251 978 2301 scirpea
1009 2250 1084 2289 lata
1117 2252 1211 2290 fuit.

248 2307 429 2347 Alliciunt
461 2320 618 2347 somnos
650 2314 805 2359 tenipus
837 2314 1044 2359 motusque
1079 2321 1330 2362 merumque,
