1601 2484
524 72 588 105 111.
616 79 660 104 v1
681 73 832 104 10-v11
852 73 907 105 42.
1328 69 1384 111 49

168 181 249 220 Nec
281 193 418 232 mora,
451 180 542 231 quid
575 180 706 219 venias
739 180 909 231 quidve,
941 180 1145 230 requiret,
1177 191 1308 230 agam.

169 239 305 277 Vivere
338 251 398 277 me
432 238 567 290 dices,
600 238 667 277 sed
700 239 755 276 sic
776 270 786 289 ,
817 243 861 276 ut
893 239 1021 276 vivere
1054 237 1197 289 nolim,

167 297 247 336 Nec
279 296 375 335 mala
408 302 484 335 tam
516 296 630 347 longa
662 302 794 335 nostra
829 295 950 334 levata
983 308 1115 347 mora3

167 355 217 394 Et
248 361 375 394 tamen
408 355 454 393 ad
487 354 645 406 Musas,
678 355 853 405 quamvis
885 366 1055 393 nocuere
1075 385 1085 401 ‚
1117 355 1285 405 reverti,

109 422 150 452 10
172 415 346 464 Aptaque
378 414 418 451 in
451 412 621 451 alternos
653 424 793 462 eogere
828 412 942 451 verba
974 412 1116 461 pedes.

167 471 226 510 Tu
252 483 432 522 quoque,
458 471 543 522 dic,
570 471 710 510 studiis
731 470 1005 509 communibus
1026 470 1166 521 ecquid
1187 470 1386 521 inhaeres,

169 529 365 580 Doctaque
398 541 475 567 non
507 531 633 580 patrio
665 530 836 568 carmina
868 541 975 567 more
1009 526 1151 566 canis?

170 587 266 626 Nam
298 587 369 626 tibi
401 600 489 626 cum
522 588 611 626 fatis
644 599 772 626 mores
804 592 940 626 natura
973 586 1136 637 pudicos

166 645 216 684 Et
247 658 354 684 raras
386 646 496 684 dotes
529 647 807 696 ingeniumque
840 645 968 683 dedit.

106 712 147 742 15
167 704 249 743 Hoc
280 716 351 754 ego
383 703 589 755 Pegasidas
621 704 765 743 deduxi
794 705 944 754 primus
976 702 1022 741 ad
1055 702 1201 754 undas,

168 762 223 800 Ne
256 762 352 801 male
384 763 573 801 fecundae
604 774 699 800 vena
732 763 879 813 periret
911 773 1055 812 aquae,

167 820 323 859 Primus
354 821 392 859 id
425 822 558 871 aspexi
589 822 736 859 teneris
768 821 806 858 in
839 820 1001 870 virginis
1033 820 1168 871 annis,

167 878 294 929 thue
326 884 436 929 pater
468 885 578 917 natae
611 879 767 928 duxque
801 889 1009 928 comesque
1043 878 1120 916 sui.

168 935 270 987 Ergo
304 938 337 975 si
368 943 570 976 remanent
602 939 711 987 ignes
743 936 815 975 tibi
846 937 1016 987 pectoris
1048 936 1175 987 idem,

104 1003 148 1034 20
170 995 257 1033 Sola
290 1000 400 1034 tuum
432 1000 538 1034 vates
569 995 707 1033 Lesbia
740 996 870 1034 vincet
901 1006 1022 1044 opus.

171 1054 246 1092 Sed
280 1066 444 1105 vereor,
476 1066 524 1092 ne
556 1059 594 1092 te
627 1065 710 1092 mea
742 1065 847 1092 nunc
880 1053 1036 1091 fortuna
1068 1051 1263 1103 retardet,

168 1112 337 1162 Postque
369 1124 477 1150 meos
509 1124 622 1151 casus
655 1113 706 1150 sit
737 1111 808 1150 tibi
840 1117 978 1162 pectus
1010 1112 1139 1149 iners.

170 1169 268 1208 Dum
300 1170 439 1221 licuit,
469 1175 535 1209 tua
567 1182 682 1221 saepe
715 1170 809 1208 mihi
828 1201 838 1221 ,
870 1170 942 1208 tibi
973 1175 1105 1208 nostra
1138 1168 1338 1220 legebam,

171 1227 292 1278 Saepe
324 1229 383 1267 tui
414 1229 528 1266 iudex
548 1259 558 1279 ,
591 1241 704 1278 saepe
737 1230 921 1278 magister
954 1239 1084 1266 eram:

106 1294 149 1325 25
171 1287 247 1324 Aut
278 1298 348 1336 ego
381 1286 614 1337 praebebam
646 1287 759 1325 factis
790 1286 904 1325 modo
937 1285 1116 1324 versibus
1148 1297 1288 1337 aures,

171 1346 274 1396 Aut,
307 1344 374 1382 ubi
405 1356 609 1397 cessares,
643 1357 758 1384 causa
791 1344 946 1383 ruboris
980 1356 1108 1382 eram.

171 1402 350 1440 Forsitan
382 1402 558 1453 exemplo
578 1434 588 1454 ,
621 1405 712 1454 quia
744 1415 804 1441 me
837 1403 984 1441 laesere
1016 1402 1158 1453 libelli,

170 1460 227 1498 Tu
260 1472 415 1511 quoque
447 1462 501 1499 sis
532 1458 563 1511 †
593 1473 739 1512 poenae
771 1462 870 1499 sacta
903 1467 1035 1499 secuta
1067 1472 1197 1499 meae.

169 1518 272 1557 Pone
292 1550 303 1570 ,
335 1518 502 1569 Perilla,
535 1524 712 1571 metum3
743 1518 1012 1558 tantummodo
1044 1519 1188 1557 semina
1219 1518 1323 1557 nulla

106 1585 149 1616 30
169 1576 271 1615 Neve
305 1578 361 1615 vir
393 1589 412 1615 a
445 1579 600 1628 scriptis
633 1577 756 1616 discat
787 1589 914 1615 amare
948 1578 1051 1618 tuis!

170 1635 271 1685 Ergo
304 1635 475 1674 desidiae
507 1648 691 1688 remove,
724 1636 948 1674 doctissima
967 1666 978 1686 ,
1010 1646 1171 1687 causas,

170 1693 290 1744 Inque
323 1693 443 1732 bonas
476 1699 580 1733 artes
612 1700 652 1733 et
682 1699 748 1733 tua
780 1707 889 1732 sacra
922 1693 1026 1734 redi!

171 1752 244 1790 Ista
277 1751 419 1790 decens
452 1753 570 1791 facies
601 1752 727 1803 longis
761 1752 961 1791 vitiabitur
993 1753 1128 1803 annis,

171 1810 355 1860 llugaque
387 1812 427 1849 in
459 1813 616 1862 antiqua
647 1811 775 1850 fronte
807 1810 940 1849 senilis
972 1811 1069 1862 erit,

107 1877 149 1907 35
171 1868 383 1919 Inicietque
416 1881 571 1908 manum
605 1871 750 1908 formae
783 1870 966 1908 damnosa
998 1873 1211 1920 senectus,

171 1926 276 1971 Quae
309 1928 517 1978 strepitum
549 1939 667 1979 passu
698 1940 776 1966 non
809 1929 973 1966 faciente
1008 1928 1134 1978 venit,

170 1984 344 2036 Cumque
376 1986 515 2036 aliquis
548 1986 651 2025 dicet
683 1983 788 2025 eFuit
819 1986 913 2024 haec
947 1982 1143 2036 formosa',
1177 1984 1350 2037 dolebis,

171 2042 216 2081 Et
249 2043 450 2093 speculum
484 2045 647 2083 mendax
680 2056 766 2083 esse
799 2056 966 2095 querere
999 2050 1134 2082 tuum.

171 2101 270 2139 Sunt
302 2101 372 2140 tibi
397 2114 490 2153 opes
517 2103 690 2141 modicae
710 2134 720 2153 ,
753 2115 842 2141 cum
875 2104 928 2141 sis
955 2102 1181 2152 dignissima
1214 2103 1387 2153 magnis:

105 2167 149 2198 40
170 2159 289 2209 Finge
321 2160 389 2198 sed
420 2163 608 2200 inmensis
642 2161 824 2200 censibus
858 2173 942 2199 esse
975 2172 1111 2212 pares3

170 2217 315 2268 Nempe
347 2218 412 2257 dat
442 2219 512 2271 id,
545 2220 819 2270 quodcumque
846 2219 967 2266 libet,
1001 2218 1156 2257 fortuna
1182 2220 1387 2272 rapitque5

170 2275 255 2314 Irus
288 2280 327 2315 et
360 2281 419 2316 est
450 2277 603 2330 subito,
636 2279 703 2328 qui
735 2277 849 2316 modo
883 2276 1054 2317 Croesus
1087 2282 1192 2317 erat.

123 2347 227 2374 ovm.
265 2349 321 2375 111.
1155 2347 1176 2376 4
