1575 2489
195 98 278 139 276
733 102 987 135 FASTORUM

371 208 492 258 Saepe
526 220 629 246 meas
661 208 746 247 illos
778 210 1019 260 increpuisse
1051 222 1202 249 moras.

311 266 389 304 Nec
422 267 534 304 timui
566 266 612 304 de
644 272 769 305 morte
803 272 932 305 tamen
951 298 960 307 .
1017 273 1142 306 metus
1174 267 1269 306 afuit
1300 269 1397 306 iste.

369 323 416 361 Ei
449 323 570 362 mihi!
615 324 792 362 credibili
823 325 960 363 fortior
991 324 1054 363 illa
1085 326 1180 364 fuit.

311 380 366 419 Ne
399 381 502 419 refer
523 410 532 419 .
588 384 719 431 aspexi
750 394 827 420 non
859 382 923 420 illo
957 388 1111 433 pectore
1144 384 1258 433 digna

225 447 290 477 620
370 438 563 490 Volnera,
595 439 798 478 Tartareas
831 452 948 478 ausus
981 441 1085 479 adire
1118 441 1275 479 domos.

311 497 359 535 At
390 504 462 548 tu,
495 509 564 535 seu
596 499 693 535 ratio
726 503 764 536 te
796 499 939 536 nostris
973 498 1119 548 appulit
1151 501 1252 549 oris,

371 554 457 592 Sive
490 555 585 593 deus
604 586 615 607 ,
647 557 757 606 regni
788 556 986 594 commoda
1019 568 1134 607 carpe
1166 558 1263 594 mei.

311 612 428 650 Multa
460 612 530 650 tibi
563 625 754 651 memores
773 645 783 665 ,
814 613 869 652 nil
900 626 977 652 non
1009 614 1196 652 debemus
1229 613 1397 652 Elissae.

369 670 531 708 Nomine
563 677 671 721 grata
702 676 769 710 tuo
789 703 799 723 ,
832 677 938 722 grata
971 673 1144 722 sororis,
1177 668 1298 710 eris.'

225 736 291 767 625
313 728 416 767 Talia
449 729 594 767 dicenti
623 750 670 757 —
701 741 827 780 neque
861 731 962 767 enim
995 741 1084 780 spes
1116 729 1236 767 altera
1267 734 1387 767 restat
1418 750 1464 755 —

371 786 572 838 Credidit,
605 799 759 825 errores
792 789 1048 838 exposuitque
1081 799 1196 826 suos.

312 844 437 894 thue
470 844 626 882 domum
659 846 816 883 intravit
847 846 983 896 Tyrios
1014 845 1149 883 induta
1181 850 1362 896 paratus,

369 902 510 953 Incipit
541 903 717 941 Aeneas:
751 925 794 930 —-
826 909 957 941 cetera
990 903 1101 941 turba
1133 903 1221 942 silet
1252 925 1295 929 —

312 957 441 999 ‘Hane
474 960 544 999 tibi
576 973 646 999 cur
678 961 826 999 tradam
845 992 856 1012 ,
888 962 951 1011 pia
977 973 1091 999 causa
1110 993 1120 1012 ,
1152 960 1307 999 Lavinia
1333 961 1522 1013 coniunx,

226 1026 292 1057 630
371 1018 441 1056 Est
472 1018 566 1056 mihi
586 1048 594 1057 .
650 1021 874 1070 consumpsi
906 1019 1114 1069 naufragus
1146 1019 1262 1057 huius
1295 1031 1410 1069 opes,

313 1076 406 1115 Oria
439 1076 539 1127 Tyro
574 1082 660 1128 est,
692 1089 857 1127 regnum
888 1076 1029 1127 Libyca
1060 1077 1234 1128 possedit
1264 1078 1304 1114 in
1336 1088 1425 1116 ora:

371 1134 494 1179 Quam
526 1146 665 1184 precor
697 1141 741 1173 ut
772 1147 882 1172 carae
914 1146 1021 1172 more
1054 1136 1200 1172 sororis
1233 1131 1381 1173 ames.'

313 1192 450 1230 Omnia
481 1193 702 1243 promittit,
743 1192 958 1242 falsumque
992 1191 1147 1230 Lavinia
1178 1192 1314 1230 volnus

370 1250 497 1288 Mente
530 1252 672 1301 premit
704 1252 848 1302 tacita,
881 1249 1174 1301 dissimulatque
1207 1251 1399 1289 fremens.

228 1316 294 1347 635
316 1308 499 1358 Donaque
532 1320 620 1346 cum
653 1308 780 1347 videat
810 1314 965 1360 praeter
997 1320 1066 1347 sua
1097 1308 1242 1347 lumina
1273 1308 1367 1346 ferri

371 1366 489 1405 Multa
521 1366 675 1418 palam,
708 1368 809 1405 mitti
841 1366 938 1405 clam
971 1378 1125 1417 quoque
1159 1366 1278 1404 multa
1310 1372 1440 1417 putat.

311 1424 396 1463 Non
428 1424 544 1463 habet
576 1431 752 1463 exactum
771 1456 782 1477 ‚
814 1424 906 1475 quid
938 1431 1052 1474 agat.
1108 1424 1298 1463 furialiter
1330 1424 1434 1476 odit,

374 1482 423 1520 Et
454 1488 564 1533 parat
594 1483 754 1521 insidias
774 1514 785 1535 ,
816 1488 855 1521 et
886 1484 993 1533 cupit
1026 1482 1104 1521 ulta
1135 1484 1256 1521 mori.

313 1540 396 1579 Nox
429 1547 539 1579 erat.
595 1546 681 1579 ante
715 1547 844 1579 torum
876 1542 956 1579 visa
988 1546 1047 1579 est
1078 1541 1229 1579 adstare
1262 1542 1407 1579 sororis

229 1607 295 1639 640
376 1598 576 1649 Squalenti
608 1598 704 1636 Dido
738 1598 1035 1649 sanguinulenta
1067 1611 1177 1637 coma

313 1656 362 1695 Et
395 1653 533 1708 tfuge,
566 1669 614 1695 ne
648 1656 810 1709 dubita,
842 1662 1031 1695 maestum
1062 1653 1172 1707 fuge'
1206 1656 1336 1695 dicere

1038 1711 1250 1753 etectuml'

374 1772 453 1811 Sub
486 1772 649 1811 verbum
682 1773 864 1823 querulas
896 1773 1038 1824 inpulit
1068 1785 1160 1811 aura
1193 1773 1317 1811 fores.

315 1830 462 1883 Exilit,
495 1837 533 1870 et
564 1831 674 1869 velox
705 1831 841 1869 humili
874 1843 991 1882 super
1024 1843 1113 1869 arva
1147 1831 1316 1869 fenestra

375 1889 424 1927 Se
456 1891 574 1928 iacit.
630 1889 815 1928 audacem
847 1889 991 1928 fecerat
1021 1891 1105 1940 ipse
1136 1890 1274 1927 timor.

229 1955 294 1987 645
316 1946 477 1997 Quaque
510 1953 616 1986 metu
649 1949 798 1998 rapitur
817 1979 827 1999 ,
860 1949 991 1986 tunica
1021 1947 1144 1985 velata
1175 1948 1345 1985 recincta

375 2005 535 2058 Currit,
567 2011 610 2044 ut
642 2006 782 2044 auditis
814 2007 950 2044 territa
982 2005 1130 2043 damma
1163 2004 1286 2056 lupis.

318 2063 505 2114 Corniger
536 2064 635 2102 hanc
667 2064 825 2102 tumidis
857 2065 1032 2114 rapuisse
1063 2063 1266 2101 Numicius
1299 2065 1412 2102 undis

375 2122 584 2173 Creditur,
617 2128 656 2161 et
688 2123 832 2173 stagnis
865 2121 1082 2160 occuluisse
1116 2122 1220 2160 suis.

319 2179 473 2218 Sidonis
506 2181 654 2219 interea
685 2192 823 2231 magno
856 2179 1022 2218 clamore
1054 2191 1124 2230 per
1156 2191 1268 2230 agros

231 2245 297 2277 650
377 2238 615 2283 Quaeritur:
660 2243 847 2290 apparent
878 2240 985 2288 signa
1017 2243 1208 2288 notaeque
1240 2238 1410 2288 pedum:

317 2294 483 2334 Ventum
516 2302 598 2335 erat
629 2296 675 2334 ad
707 2298 833 2348 ripas:
877 2297 1030 2334 inerant
1061 2297 1221 2347 vestigia
1253 2297 1370 2347 ripis.
