1575 2489
180 90 264 131 248
719 91 970 123 FAs'sor-„UM

356 199 405 237 Et
436 200 562 249 gravis
594 199 726 236 effusis
759 198 902 236 decidit
933 197 1057 236 imber
1089 198 1222 248 aquis.

209 265 275 296 495
298 257 396 295 Hinc
428 263 563 307 tonat,
605 256 696 294 hinc
728 257 856 294 missis
888 255 1131 305 abrumpitur
1163 254 1317 305 ignibus
1349 254 1504 295 aether.

356 314 417 352 Fit
449 314 560 365 suga,
592 326 660 351 rex
692 315 826 363 patriis
859 319 961 352 astra
991 313 1147 364 petebat
1179 314 1312 363 equis.

297 372 444 410 Luctus
477 378 587 421 erat,
620 371 812 421 salsaeque
845 376 974 421 patres
1006 373 1046 409 in
1078 372 1238 409 crimine
1271 370 1422 409 caedis:

355 429 631 479 Haesissetque
664 430 800 466 animis
832 429 992 466 forsitan
1023 428 1087 466 illa
1119 428 1236 466 fides:

300 487 375 525 Sed
407 487 598 525 Proculus
630 486 760 536 Longa
792 486 968 524 veniebat
998 486 1118 524 Iulius
1149 485 1266 536 Alba,

210 554 277 584 500
357 545 543 594 Lunaque
577 544 775 595 fulgebat,
807 556 878 582 nec
912 545 1003 582 facis
1035 556 1129 582 usus
1162 550 1266 594 erat,

298 603 393 641 Cum
426 603 554 640 subito
587 608 694 640 motu
726 614 861 652 saepes
894 607 1088 640 tremuere
1121 603 1323 640 sinistrae:
1356 622 1398 627 —

356 660 520 699 Rettulit
550 660 613 698 ille
646 660 787 710 gradus
808 691 818 710 ,
849 660 1164 709 horrueruntque
1198 671 1352 697 comae:
1385 679 1427 685 —

298 719 466 757 Pulcher
499 724 537 756 et
567 718 735 756 humano
769 719 889 756 maior
921 717 1130 767 trabeaque
1163 716 1327 755 decorus

356 776 543 815 Romulus
575 778 612 814 in
648 776 770 814 media
803 777 907 814 visus
939 775 1073 813 adesse
1106 776 1165 812 via

210 843 276 873 505
297 834 346 873 Et
378 835 522 872 dixisse
554 834 668 872 simul
701 830 884 884 ‘prohibe
917 833 1050 884 lugere
1083 832 1277 883 Quirites,

355 892 434 930 Nec
468 892 609 930 violent
641 892 811 930 lacrimis
842 892 1000 929 numina
1032 896 1164 929 nostra
1196 891 1299 928 suis.

298 950 401 989 Tura
434 950 585 1000 serant,
618 949 847 1000 placentque
874 961 1015 987 novum
1040 950 1102 999 pia
1134 947 1247 986 turba
1275 947 1503 999 Quirinum,

355 1008 404 1046 Et
435 1009 578 1058 patrias
610 1014 712 1046 artes
745 1008 996 1057 militiamque
1028 1002 1201 1044 colant.'

299 1066 445 1116 lussit,
477 1071 516 1103 et
547 1067 587 1103 in
620 1072 757 1103 tenues
790 1065 910 1103 oculis
944 1066 1098 1102 evanuit
1129 1075 1265 1102 auras.

211 1132 278 1162 510
357 1123 551 1162 Convocat
582 1122 643 1161 hic
675 1123 837 1173 populos
857 1154 867 1173 ‚
899 1124 1080 1172 iussaque
1113 1121 1229 1159 verba
1261 1121 1405 1159 refert.

298 1181 456 1232 Templa
489 1181 560 1218 deo
590 1181 709 1219 fiunt.
765 1180 872 1218 collis
905 1192 1059 1230 quoque
1092 1179 1218 1217 dictus
1251 1178 1298 1216 ab
1330 1178 1393 1216 illo
1426 1183 1505 1231 est,

355 1239 405 1277 Et
437 1239 613 1277 referunt
645 1239 743 1276 certi
775 1250 881 1276 sacra
914 1244 1074 1288 paterna
1107 1236 1211 1275 dies.

298 1297 381 1336 Lux
415 1309 568 1348 quoque
602 1309 672 1335 cur
704 1296 836 1334 eadem
871 1295 1086 1334 Stultorum
1118 1295 1214 1333 festa
1246 1299 1429 1346 vocetur,

356 1356 527 1405 Accipe.
582 1367 698 1405 parva
731 1354 886 1404 quidem
919 1365 1061 1404 causa,
1094 1353 1161 1391 sed
1194 1358 1280 1403 apta
1313 1352 1469 1392 subest.

211 1422 276 1452 515
297 1413 382 1451 Non
413 1413 549 1451 habuit
580 1413 714 1451 doctos
747 1412 860 1450 tellus
893 1413 1049 1462 antiqua
1082 1411 1261 1450 colonos:

358 1471 569 1510 Lassabant
600 1471 718 1521 agiles
751 1482 886 1520 aspera
918 1469 1016 1508 bella
1048 1470 1174 1507 viros.

298 1529 390 1568 Plus
423 1535 506 1567 erat
536 1530 575 1567 in
607 1529 760 1579 gladio,
794 1540 906 1578 quam
940 1539 1058 1565 curvo
1090 1526 1213 1565 laudis
1245 1531 1396 1565 aratro:

356 1587 563 1638 Neglectus
595 1587 749 1625 domino
782 1598 903 1636 pauca
935 1584 1082 1623 ferebat
1113 1596 1226 1635 ager.

299 1645 416 1683 Farra
450 1650 577 1683 tamen
608 1650 760 1682 veteres
792 1643 1010 1693 iaciebant,
1042 1643 1143 1681 farra
1175 1641 1395 1693 metebant,

211 1712 278 1743 520
357 1703 551 1741 Primitias
584 1701 718 1740 Cereri
749 1702 849 1740 farra
882 1707 1032 1739 resecta
1063 1700 1226 1739 dabant.

298 1761 441 1799 Usibus
474 1761 658 1798 admoniti
690 1760 852 1798 ssammis
885 1759 1068 1797 torrenda
1100 1758 1315 1808 dederunt,

357 1819 554 1868 Multaque
586 1824 744 1868 peccato
778 1817 914 1855 damna
946 1816 1072 1855 tulere
1105 1828 1198 1854 suo.

298 1877 393 1915 Nam
427 1877 538 1914 modo
572 1876 777 1914 verrebant
808 1877 938 1926 nigras
969 1887 1039 1925 pro
1072 1875 1174 1912 farre
1206 1873 1372 1925 favillas,

356 1934 467 1973 Nunc
500 1936 602 1985 ipsas
633 1936 743 1984 ignes
775 1935 1001 1983 corripuere
1034 1944 1163 1970 casas.

211 2001 278 2033 525
299 1993 415 2032 Facta
448 1993 517 2031 dea
550 1998 609 2031 est
639 1992 821 2030 Fornax.
878 1990 967 2029 laeti
998 1990 1170 2028 Fornace
1203 1989 1330 2028 coloni

358 2051 508 2102 Orant,
539 2057 583 2089 ut
615 2050 746 2101 fruges
778 2054 970 2100 temperet
1000 2048 1061 2086 illa
1095 2059 1206 2086 suas.

299 2109 416 2148 Curio
449 2109 631 2159 legitimis
664 2120 767 2147 nunc
799 2106 1021 2145 Fornacalia
1054 2105 1182 2144 verbis

358 2167 547 2206 Maximus
579 2167 743 2218 indicit,
775 2187 818 2192 —
851 2176 924 2203 nec
956 2170 1052 2202 stata
1085 2176 1192 2202 sacra
1225 2164 1317 2202 facit
1349 2183 1391 2191 —·

298 2225 419 2276 inque
453 2226 565 2277 foro,
598 2224 717 2263 multa
749 2225 896 2262 circum
929 2222 1122 2273 pendente
1154 2221 1315 2273 tabella,

211 2292 278 2323 530
359 2283 542 2334 Signatur
574 2289 679 2322 certa
711 2284 818 2322 curia
851 2292 1027 2332 quaeque
1059 2285 1170 2319 nota.
