1575 2489
501 79 544 112 V.
570 87 645 112 vm
666 81 786 113 26-x
808 82 860 114 17.
1295 79 1350 121 95

137 185 221 224 Νοη
254 187 380 236 potuit
411 190 542 224 votum
575 186 729 237 plenius
761 198 846 225 esse
878 198 1032 225 meum.

136 243 240 282 Haec
270 255 381 282 meus
413 245 591 296 argutis,
622 246 655 283 si
688 249 729 283 tu
761 251 969 296 paterere,
1001 244 1140 284 libellis

136 301 305 341 Poneret
335 303 375 339 in
406 301 526 340 multa
559 301 646 341 luce
678 302 841 341 videnda
872 302 1003 354 labor3

73 367 117 399 25
137 359 249 398 Nunc
269 371 424 410 quoque
451 371 516 411 se,
537 361 712 411 quamvis
735 366 796 400 est
820 361 926 400 iussa
946 362 1170 413 quiescere,
1193 363 1285 412 quin
1313 367 1351 401 te

137 417 320 456 Nominet
350 418 514 456 invitum
534 449 545 468 ,
575 419 638 457 vix
670 430 754 457 mea
784 418 895 457 Musa
926 425 1056 458 tenet.

136 475 264 526 thue
296 487 431 514 canem
463 476 620 526 pavidae
653 482 811 515 nactum
843 478 1002 528 vestigia
1034 489 1170 516 cervae

136 533 361 572 Latrantem
395 534 541 572 frustra
573 534 709 585 copula
741 534 837 573 dura
869 540 1000 586 tenet3

136 591 264 643 thue
297 592 401 630 fores
433 591 607 630 nondum
638 594 803 631 reserati
835 594 1003 631 carceris
1035 604 1124 631 acer

71 657 116 689 30
134 649 247 688 Nunc
278 649 407 701 pede,
438 662 542 689 nunc
574 652 657 701 ipsa
688 651 817 689 fronte
848 650 1005 689 lacessit
1036 663 1188 701 equus,

138 707 202 746 Sic
233 719 317 746 mea
349 707 432 758 lege
465 707 551 746 data
583 710 710 747 vincta
742 714 857 758 atque
889 708 1039 746 inclusa
1070 708 1204 747 Thalia

135 765 211 804 Per
242 765 398 804 titulum
430 767 540 805 vetiti
570 767 739 804 nominis
769 767 826 804 ire
860 767 968 816 cupit
987 796 995 805 .

136 824 192 862 Ne
225 830 354 862 tamen
387 824 514 862 officio
545 825 729 862 memoris
760 823 926 862 laedaris
958 825 1094 876 amici,

136 881 285 920 Parebo
319 884 436 920 iussis
462 902 518 909 -
543 894 660 933 parce
694 883 832 920 timere
859 903 914 909 —
940 884 1042 921 tuis.

72 946 116 979 35
136 940 184 978 At
215 952 293 978 non
323 952 531 991 parerem,
564 941 597 978 si
628 952 706 978 non
738 941 961 978 meminisse
993 946 1177 991 putares.

136 997 218 1037 Hoc
251 997 353 1048 quod
386 1010 464 1036 non
495 997 677 1048 prohibet
708 1010 779 1037 vox
812 1004 907 1049 tua,
939 1004 1072 1048 gratus
1106 1009 1198 1037 ero.

135 1056 313 1106 Dumque
336 1077 386 1083 —
408 1056 510 1106 quod
537 1068 559 1094 o
584 1055 702 1094 breve
728 1055 800 1095 sit!
819 1077 874 1083 -—
891 1056 1024 1096 lumen
1050 1056 1164 1095 vitale
1192 1056 1354 1110 videbo,

138 1114 291 1154 Serviet
323 1114 450 1153 officio
483 1115 645 1166 spiritus
676 1116 750 1154 iste
783 1120 874 1154 tuo.

658 1241 713 1289 X.

138 1346 187 1385 Ut
219 1358 353 1386 sumus
385 1348 425 1385 in
457 1346 581 1386 Ponto
600 1378 611 1399 ‚
644 1353 704 1385 ter
738 1347 881 1397 frigore
914 1349 1090 1386 constitit
1121 1346 1277 1399 Hister,

137 1405 251 1446 Facta
285 1411 343 1444 est
373 1404 515 1443 Euxini
547 1405 643 1443 dura
675 1411 735 1443 ter
768 1405 869 1444 unda
903 1407 1042 1445 maris.

136 1463 185 1502 At
216 1462 310 1501 mihi
341 1464 416 1501 iam
448 1463 582 1501 videor
613 1465 738 1513 patria
769 1463 908 1514 procul
940 1476 1026 1502 esse
1058 1469 1116 1502 tot
1147 1466 1283 1516 annis,

138 1520 313 1560 Dardana
345 1526 441 1572 quot
472 1520 586 1559 Graio
619 1521 735 1559 Troia
767 1520 839 1559 sub
871 1521 984 1560 hoste
1016 1522 1112 1561 suit.

97 1587 117 1618 5
139 1579 249 1618 Stare
281 1585 395 1630 putes
414 1610 425 1630 ,
457 1579 552 1617 adeo
585 1579 804 1630 procedunt
835 1584 1011 1631 tempora
1044 1579 1176 1631 tarde,

137 1637 186 1676 Et
216 1639 367 1689 peragit
398 1637 513 1676 lentis
546 1637 724 1688 passIbus
756 1650 880 1676 annus
913 1640 1012 1677 iter.

137 1695 217 1734 Nec
250 1696 343 1734 mihi
375 1695 583 1734 solstitium
617 1697 825 1747 quicquam
858 1696 905 1734 de
937 1696 1119 1735 noctibus
1153 1697 1303 1749 aufert,

137 1753 268 1792 Efficit
299 1760 485 1805 angustos
517 1766 590 1793 nec
622 1754 716 1793 mihi
747 1754 886 1793 bruma
917 1755 1024 1794 dies.

140 1811 298 1851 Scilicet
328 1814 368 1850 in
400 1812 512 1851 nobis
544 1824 677 1852 rerum
710 1819 846 1851 natura
880 1819 1016 1852 novata
1048 1819 1134 1865 est,

76 1878 117 1910 10
139 1870 313 1921 Cumque
346 1872 443 1910 meis
475 1872 581 1911 curis
613 1872 740 1909 omnia
772 1871 884 1922 longa
916 1872 1030 1910 facit.

137 1929 196 1967 An
227 1934 419 1981 peragunt
449 1929 584 1968 solitos
616 1931 836 1969 communia
870 1935 1045 1981 tempora
1077 1934 1229 1980 motus,

141 1987 317 2039 Suntque
349 1989 470 2038 magis
502 1989 602 2027 vitae
633 1993 809 2038 tempora
841 1987 938 2026 dura
970 1999 1101 2037 meae,

141 2045 263 2091 Quem
296 2051 403 2084 tenet
433 2045 576 2084 Euxini
607 2046 770 2084 mendax
804 2047 1033 2097 cognomine
1066 2045 1182 2097 litus,

138 2103 188 2142 Et,
220 2103 390 2155 Scythici
421 2116 512 2142 vere
544 2109 650 2143 terra
682 2106 839 2145 sinistra
872 2101 996 2142 freti?

77 2168 118 2200 15
139 2161 368 2200 Innumerae
402 2163 506 2202 circa
537 2169 674 2214 gentes
706 2163 787 2201 sera
818 2161 918 2200 bella
950 2163 1171 2213 minantur,

140 2220 248 2265 Quae
280 2219 353 2258 sibi
384 2232 461 2259 non
494 2226 605 2271 rapto
638 2222 766 2259 vivere
799 2225 914 2270 turpe
946 2224 1107 2270 putant.

138 2277 199 2317 Nil
231 2283 339 2316 extra
371 2283 499 2317 tutum
531 2284 620 2318 est:
654 2278 827 2317 tumulus
860 2278 1082 2316 defenditur
1114 2278 1196 2328 ipse
