1575 2489
156 60 241 102 340
691 61 948 93 FASTORUM

330 168 523 218 Laetaque
555 179 752 218 purpurea
783 167 869 206 luce
901 167 1054 206 refulsit
1083 167 1248 207 humus.

273 226 359 271 Non
392 226 571 276 equidem
596 225 675 263 vidi
699 247 746 252 —-
770 225 921 263 valeant
946 226 1144 264 mendacia
1176 232 1304 265 vatum
1327 248 1373 254 —
1411 235 1483 266 (202)

331 284 415 336 Te,
448 283 549 336 dea;
579 295 650 321 nec
684 283 813 321 fueras
846 283 1068 333 aspicienda
1100 285 1203 323 viro.

188 350 253 381 255
275 342 351 381 Sed
384 353 481 392 quae
512 342 729 379 nescieram
747 371 757 392 ‚
791 352 1035 391 quorumque
1068 353 1201 380 errore
1235 341 1417 394 tenebar,

334 399 495 450 Cognita
527 405 618 437 sunt
648 398 753 437 nullo
785 400 1047 449 praecipiente
1080 399 1195 438 mihi.

276 459 380 496 Dena
412 463 549 507 quater
580 462 797 495 memorant
827 456 1009 495 habuisse
1041 456 1179 496 PariIIa
1212 457 1396 508 Romam,

334 516 430 554 Cum
461 515 636 553 flammae
669 520 800 553 custos
832 515 926 552 aede
958 521 1113 565 recepta
1146 516 1214 554 dea
1247 522 1328 554 est.

278 574 393 623 Regis
425 585 523 623 opus
554 572 723 623 placidi,
756 584 832 623 quo
863 584 941 610 non
974 575 1212 612 metuentius
1244 573 1364 613 ullum

191 639 257 670 260
336 631 515 670 Numinis
547 632 746 681 ingenium
778 637 881 669 terra
915 630 1055 669 Sabina
1086 631 1196 669 tulit.

279 689 383 734 Quae
416 701 520 727 nunc
552 701 641 727 aere
673 688 780 727 vides
799 719 809 739 ‚
842 688 983 739 stipula
1015 694 1098 727 tum
1129 694 1230 727 tecta
1262 689 1437 740 videres,

338 747 386 786 Et
418 748 546 797 paries
578 746 682 785 lento
715 748 855 784 vimine
886 752 1016 785 textus
1048 753 1152 786 erat.

280 805 351 843 Hic
383 805 491 844 locus
524 806 686 855 exiguus
706 835 717 856 ,
750 806 816 855 qui
849 806 1016 843 sustinet
1047 805 1153 843 Atria
1186 803 1346 856 Vestae,

337 863 447 902 Tunc
480 869 563 902 erat
593 864 738 901 intonsi
770 864 876 913 regia
907 875 1043 913 magna
1074 862 1244 901 Numae.

193 930 259 961 265
281 922 419 960 Forma
450 927 580 960 tamen
611 920 745 971 templi
783 932 881 971 quae
919 933 1022 959 nunc
1055 927 1212 972 manet,
1251 926 1338 959 ante
1370 921 1489 959 fuisse

341 979 520 1030 Dicitur3
553 984 591 1017 et
623 979 767 1017 formae
801 990 915 1017 causa
947 978 1143 1028 probanda
1176 978 1332 1017 subest.

281 1037 393 1076 Vesta
421 1037 578 1087 eadem,
606 1048 704 1087 quae
729 1042 834 1074 terra
855 1068 861 1075 .
913 1036 1048 1074 subest
1074 1036 1162 1086 vigil
1187 1038 1286 1086 ignis
1312 1038 1491 1087 utrique:

343 1095 568 1146 Significant
599 1094 731 1132 sedem
763 1099 868 1132 terra
899 1094 1088 1144 focusque
1121 1106 1251 1133 suam.

284 1153 402 1191 Terra
435 1153 533 1203 pilae
567 1151 731 1203 similis,
764 1151 868 1190 nullo
902 1151 1100 1190 fulcimine
1132 1154 1240 1200 nixa,

198 1220 264 1251 270
344 1212 442 1250 Aere
476 1211 650 1249 subiecto
683 1216 761 1248 tam
792 1221 907 1260 grave
938 1210 1083 1260 pendet
1115 1222 1235 1248 onus.

286 1270 387 1321 [Ipsa
421 1269 638 1307 volubilitas
670 1268 853 1306 libratum
885 1270 1052 1306 sustinet
1084 1267 1241 1320 orbem,

344 1328 496 1378 Quique
528 1332 679 1378 premat
710 1332 868 1378 partes,
901 1326 1065 1376 angulus
1097 1328 1221 1364 omnis
1253 1326 1383 1366 abest.

285 1386 459 1437 Cumque
492 1387 541 1424 sit
572 1387 611 1424 in
643 1385 767 1423 media
799 1396 932 1422 rerum
964 1386 1122 1435 regione
1155 1384 1302 1437 locata,

343 1444 392 1483 Et
423 1449 554 1494 tangat
586 1443 733 1481 nullum
765 1442 901 1493 plusve
933 1444 1109 1481 minusve
1140 1443 1264 1495 latus,

200 1511 265 1542 275
287 1503 333 1541 Ni
365 1514 534 1541 convexa
568 1502 696 1552 foret,
728 1503 829 1551 parti
860 1502 1022 1539 vicinior
1055 1507 1179 1552 esset,

342 1561 422 1599 Nec
453 1560 624 1598 medium
656 1565 799 1597 terram
832 1558 1000 1597 mundus
1032 1558 1194 1597 haberet
1225 1570 1323 1598 onus
1337 1558 1364 1608 .]

287 1620 379 1657 Arte
413 1618 615 1669 Syracosia
648 1628 862 1667 suspensus
893 1618 933 1654 in
965 1620 1053 1654 aere
1086 1616 1215 1655 clauso

347 1677 431 1715 Stat
462 1675 599 1726 globus
618 1706 628 1726 ,
660 1676 839 1713 immensi
870 1686 986 1724 parva
1018 1675 1140 1724 figura
1172 1674 1273 1726 poli,

288 1734 335 1773 Et
369 1727 556 1785 quantum
588 1746 608 1771 a
640 1734 801 1772 summis
820 1764 831 1784 ‚
863 1738 1013 1771 tantum
1045 1734 1207 1771 secessit
1238 1732 1284 1770 ab
1316 1734 1404 1771 imis

206 1801 273 1832 280
352 1793 501 1843 Terra3
535 1791 636 1842 quod
669 1796 713 1829 ut
744 1792 809 1829 fiat
827 1821 837 1841 ‚
869 1790 991 1829 forma
1023 1791 1189 1829 rotunda
1221 1791 1336 1830 facit:

288 1851 362 1890 Par
393 1851 511 1889 facies
543 1849 706 1900 templi3
738 1848 867 1887 nullus
898 1850 1096 1899 procurrit
1127 1850 1166 1887 in
1198 1849 1262 1887 illo
1424 1857 1498 1890 (203)

348 1908 521 1959 Angulus
540 1939 550 1959 ‚
582 1920 603 1946 a
634 1907 763 1958 pluvio
795 1907 963 1945 vindicat
994 1906 1118 1945 imbre
1151 1907 1306 1947 tholus.

289 1968 366 2006 Cur
400 1969 449 2005 sit
480 1967 692 2017 virgineis,
726 1967 880 2016 quaeris
899 1996 909 2016 ‚
941 1965 1011 2003 dea
1043 1965 1145 2004 culta
1176 1963 1400 2004 ministris?

349 2026 545 2063 Inveniam
577 2036 712 2062 causas
745 2024 815 2061 hac
848 2035 1001 2074 quoque
1034 2029 1143 2074 parte
1177 2036 1289 2062 suas.

204 2092 269 2122 285
290 2083 347 2121 Ex
381 2083 462 2134 Ope
494 2083 682 2121 Iunonem
714 2088 930 2120 memorant
961 2081 1222 2132 Cereremque
1255 2088 1404 2120 creatas

351 2141 505 2179 Semine
539 2140 725 2192 Saturni3
756 2141 871 2179 tertia
902 2138 1017 2177 Vesta
1049 2140 1143 2178 suit.

292 2199 462 2250 Utraque
494 2204 742 2250 nupserunt,
775 2198 907 2237 ambae
938 2199 1137 2248 peperisse
1171 2199 1374 2250 feruntur3

351 2257 404 2295 De
438 2256 563 2296 tribus
596 2258 800 2308 impatiens
832 2257 977 2295 restitit
1008 2268 1082 2294 una
1115 2257 1211 2295 viri.
