1575 2489
152 68 236 109 346
687 68 941 102 FASTORUM

719 208 784 249 10.
816 206 904 248 AN

269 292 317 330 At
350 291 463 330 simul
495 292 631 330 auritis
662 289 783 328 violae
816 290 1024 328 demuntur
1056 288 1208 341 asellis,

181 358 248 389 470
326 349 375 387 Et
406 349 559 387 Cerer1s
591 349 722 398 fruges
755 359 888 397 aspera
921 359 1009 385 saxa
1040 352 1195 398 terunt,

268 407 402 445 Navita
433 418 562 457 puppe
595 405 734 444 sedens
767 402 979 456 ‘Delphina
1010 400 1275 456 videbimus‚'
1308 405 1433 454 inquit

327 461 483 503 ‘Umida
515 476 602 503 cum
634 463 746 515 pulso
779 475 854 501 nox
887 464 960 501 erit
991 468 1075 501 orta
1107 458 1211 501 die.'

615 555 678 595 11.
710 553 744 594 Β
771 551 1019 594 MATR-N

269 638 372 689 Iam,
404 637 561 689 Phryx,
594 649 614 675 a
645 643 765 687 nupta
798 637 973 687 quereris
992 667 1002 687 ‚
1035 634 1229 687 Tithone,
1261 634 1450 686 relinqui,

327 695 375 734 Et
407 695 495 746 vigil
527 695 606 733 eois
638 694 776 734 lucifer
807 695 886 732 exit
917 695 1050 744 aquis:

183 761 249 794 475
269 753 324 792 Ite
344 785 353 803 ‚
388 753 510 792 honae
543 758 685 791 matres
705 784 715 803 ,
746 774 792 780 -—
821 757 995 790 vestrum
1026 750 1198 789 Matralia
1229 750 1369 789 festum
1401 772 1447 777 —

327 811 517 862 Flavaque
548 810 752 849 Thebanae
784 810 934 848 reddite
965 809 1041 847 liba
1073 808 1188 847 deae.

269 869 457 908 Pontibus
490 874 528 907 et
559 881 695 920 magno
728 871 857 907 iuncta
891 873 950 906 est
981 866 1233 906 celeberrima
1265 866 1377 905 Circo

327 928 454 979 Area,
487 938 584 977 quae
615 928 741 978 posito
774 927 820 964 de
852 925 948 963 hove
980 937 1121 963 nomen
1153 924 1289 963 habet.

270 985 350 1024 Hac
382 985 435 1023 ibi
466 985 552 1023 luce
586 985 717 1023 serunt
747 983 914 1022 Matutae
947 995 1055 1021 sacra
1087 984 1240 1033 parenti

185 1051 252 1083 480
333 1043 588 1093 sceptriferas
622 1043 731 1081 Servi
763 1041 903 1092 templa
936 1041 1087 1079 dedisse
1119 1051 1278 1078 manus.

273 1101 378 1146 Quae
412 1100 482 1138 dea
515 1102 591 1151 sit,
625 1112 743 1150 quare
776 1099 935 1137 famulas
968 1111 988 1136 a
1018 1098 1149 1136 limine
1181 1097 1315 1147 templi

329 1159 497 1210 Arceat‚
529 1179 573 1185 —
605 1163 711 1196 arcet
743 1158 846 1195 enim
878 1178 920 1183 —-
952 1155 1107 1206 libaque
1138 1160 1237 1194 tosta
1269 1152 1408 1206 petat?

270 1216 448 1267 Bacche,
480 1216 730 1255 racemiferos
761 1215 904 1253 hedera
936 1213 1114 1252 redimite
1147 1212 1332 1265 capillos,

332 1274 371 1312 Si
404 1274 541 1312 domus
572 1274 634 1312 illa
666 1279 732 1312 tua
764 1279 850 1324 est,
884 1272 1006 1323 dirige
1036 1272 1133 1310 vatis
1165 1283 1285 1322 opus.

184 1340 251 1372 485
273 1334 430 1371 Arserat
460 1332 646 1383 obsequio
680 1330 830 1370 Semele
862 1330 989 1369 Iovis.
1045 1330 1184 1380 accipit
1215 1328 1282 1367 Ino

330 1390 383 1429 Te
415 1403 542 1442 puer,
576 1396 612 1429 et
646 1401 794 1428 summa
827 1388 959 1427 sedula
991 1389 1114 1426 nutrit
1145 1399 1238 1438 ope.

272 1449 460 1487 Intumuit
491 1449 615 1500 Iuno,
646 1453 800 1498 raptum
833 1446 935 1497 quod
967 1445 1113 1496 paelice
1145 1450 1279 1484 natum

330 1506 508 1545 Educet.
565 1512 603 1545 at
634 1506 791 1555 sanguis
822 1504 885 1543 ille
918 1505 1063 1542 sororis
1095 1509 1198 1542 erat.

272 1564 371 1603 Hinc
403 1566 528 1615 agitur
559 1565 671 1602 furiis
704 1563 884 1601 Athamas
916 1568 955 1600 et
986 1563 1151 1611 imagine
1183 1561 1298 1611 falsa,

186 1631 252 1663 490
331 1623 469 1673 Tuque
502 1621 605 1660 cadis
637 1623 760 1672 patria
779 1652 789 1671 ‚
820 1631 936 1671 parve
968 1619 1138 1657 Learche
1158 1650 1168 1670 ‚
1199 1630 1335 1657 manu.

272 1680 415 1719 Maesta
446 1679 662 1718 Learcheas
692 1684 816 1717 mater
847 1677 1102 1716 tumulaverat
1133 1676 1290 1715 umbras

331 1738 379 1776 Et
411 1737 569 1776 dederat
599 1738 753 1775 miseris
785 1737 913 1774 omnia
943 1737 1044 1773 iusta
1075 1735 1202 1785 rogis.

273 1796 376 1834 Haec
408 1807 562 1847 quoque
581 1826 591 1846 ‚
624 1796 798 1833 funestos
830 1800 873 1832 ut
905 1798 987 1831 erat
1018 1793 1158 1831 laniata
1190 1792 1368 1844 capillos,

331 1853 518 1906 Prosilit,
551 1858 589 1892 et
621 1854 732 1892 cunis
764 1858 831 1904 te,
863 1851 1087 1902 Melicerta,
1119 1851 1241 1901 rapit.

188 1920 252 1952 495
272 1912 342 1950 Est
373 1913 495 1963 spatio
528 1916 726 1950 contracta
757 1909 893 1962 brevi,
925 1910 1023 1948 freta
1055 1908 1144 1947 hina
1176 1907 1351 1960 repellit,

332 1970 493 2021 Unaque
524 1969 701 2020 pulsatur
733 1974 837 2006 terra
869 1966 1018 2005 duabus
1050 1967 1182 2017 aquis.

273 2028 358 2067 Huc
389 2029 494 2067 venit
525 2029 670 2066 insanis
703 2032 835 2065 natum
868 2025 1065 2076 complexa
1096 2024 1275 2076 lacertis,

331 2086 381 2125 Et
412 2097 544 2125 secum
577 2098 597 2124 e
629 2084 731 2124 celso
764 2085 881 2123 mittit
912 2085 951 2121 in
984 2082 1057 2121 alta
1087 2084 1200 2133 iugo.

273 2143 427 2194 Excipit
457 2143 609 2182 illaesos
640 2143 794 2192 Panope
827 2146 1060 2191 centumque
1094 2152 1271 2187 sorores,

186 2209 252 2241 500
331 2201 380 2240 Et
410 2201 559 2252 placido
591 2201 701 2251 lapsu
732 2212 802 2251 per
834 2211 902 2238 sua
934 2210 1051 2249 regna
1083 2199 1236 2236 ferunt.

272 2258 452 2298 Nondum
484 2258 703 2298 Leucothea
721 2289 732 2311 ‚
767 2257 939 2296 nondum
970 2268 1069 2308 puer
1099 2255 1163 2294 ille
1193 2255 1420 2306 Palaemon,
