1601 2484
186 79 243 120 34
741 80 965 113 TRISTIUM

306 188 460 226 Detexit
491 189 607 226 variis
641 189 707 237 qui
739 199 808 226 sua
840 188 943 226 furta
974 187 1120 227 modis.

305 246 405 291 Quid
427 246 594 283 referam
614 245 791 297 Ticidae,
812 245 904 296 quid
923 246 1079 284 Memmi
1099 257 1276 296 carmen,
1298 245 1400 296 apud
1421 258 1519 297 quos

304 303 436 341 Rebus
468 303 577 341 adest
608 314 750 341 nomen
782 303 1082 355 nominibusque
1113 302 1274 355 pudor?

216 369 284 400 435
305 361 427 399 Cinna
446 372 600 411 quoque
615 361 674 399 his
695 373 825 400 comes
846 368 924 412 est,
939 362 1138 413 Cinnaque
1157 363 1360 412 procacior
1375 362 1519 413 Anser,

305 418 354 457 Et
384 418 468 457 leve
500 418 682 457 Cornifici
712 431 860 470 parque
892 419 1048 459 Catonis
1079 432 1201 471 opus.

307 476 373 526 [Et
405 489 573 527 quorum
603 476 713 515 libris
745 478 858 516 modo
891 478 1129 516 dissimulata
1160 477 1322 517 Perillae

304 534 468 573 Nomine
488 566 499 587 ,
531 547 634 573 nunc
666 535 809 586 legitur
840 536 941 574 dicta
960 567 970 587 ,
1001 536 1153 575 Metelle
1172 567 1183 587 ,
1214 533 1313 586 tuo]

303 592 340 630 Is
373 605 558 645 quoque,
589 592 794 631 Phasiacas
825 594 956 644 Argon
988 596 1055 644 qui
1087 595 1196 633 duxit
1226 595 1266 633 in
1298 593 1444 645 undas,

217 659 285 690 440
305 650 390 689 Non
421 653 550 702 potuit
581 651 743 690 Veneris
775 652 878 690 furta
910 658 1039 690 tacere
1072 664 1163 690 suae
1183 683 1192 691 .

306 709 386 747 Nec
417 711 546 748 minus
578 709 792 760 Hortensi,
824 721 896 748 nec
928 716 1020 748 sunt
1045 712 1174 748 minus
1205 709 1382 760 improba
1408 709 1519 748 Servi

307 767 512 806 Carmina.
565 769 652 818 quis
685 767 836 806 dubitet
867 769 1023 807 nomina
1054 774 1160 806 tanta
1192 766 1338 819 sequi?

306 825 430 864 Vertit
461 825 671 865 Aristidem
705 825 897 876 Sisenna,
929 837 1002 864 nec
1035 826 1160 865 obfuit
1190 826 1245 865 illi

306 883 501 922 Historiae
534 881 665 934 turpis
701 885 916 923 inseruisse
947 886 1077 923 iocos.

219 949 286 980 445
307 941 393 980 Non
425 942 497 980 fuit
530 941 739 993 opprobrio
771 942 989 981 celebrasse
1021 942 1210 993 Lycorida
1241 941 1372 993 Gallo,

308 999 384 1038 Sed
416 1000 586 1051 linguam
618 1001 737 1039 nimio
770 1012 848 1039 non
880 1002 1052 1038 tenuisse
1085 1012 1216 1038 mero.

308 1057 476 1096 Credere
508 1060 654 1097 iuranti
685 1059 827 1097 durum
858 1064 970 1109 putat
1002 1070 1087 1097 esse
1119 1057 1322 1110 Tibullus,

308 1116 372 1154 Sic
405 1118 520 1155 etiam
553 1117 599 1154 de
632 1128 673 1154 se
707 1117 810 1167 quod
842 1123 958 1167 neget
988 1116 1050 1155 illa
1080 1118 1187 1155 viro.

308 1174 455 1212 Fallere
489 1174 691 1213 custodem
722 1174 917 1213 dominam
949 1174 1128 1213 docuisse
1161 1175 1328 1226 fatetur,

220 1240 287 1270 450
310 1232 437 1283 Seque
471 1244 540 1271 sua
571 1234 758 1271 miserum
791 1244 895 1271 nunc
927 1234 980 1271 ait
1010 1238 1092 1271 arte
1124 1234 1273 1283 premi,

310 1290 462 1342 Saepe,
503 1290 605 1329 velut
642 1302 834 1341 gemmam
871 1291 1048 1329 dominae
1082 1292 1282 1341 signumve
1314 1290 1522 1342 probaret,

306 1349 383 1388 Per
415 1361 571 1387 causam
602 1351 780 1388 meminit
811 1361 852 1388 se
884 1350 1058 1400 tetigisse
1091 1361 1270 1400 manum3

307 1407 434 1458 thue
467 1408 616 1458 refert,
649 1407 779 1458 digitis
811 1419 925 1458 saepe
957 1413 1017 1446 est
1047 1413 1224 1457 nutuque
1256 1406 1433 1458 locutus,

308 1465 357 1504 Et
389 1467 543 1504 tacitam
575 1477 731 1504 mensae
764 1465 874 1504 duxit
904 1467 944 1504 in
976 1464 1070 1503 orbe
1102 1472 1258 1516 notam3

219 1531 286 1562 455
308 1523 356 1562 Et
389 1523 530 1574 quibus
564 1536 584 1562 e
617 1525 722 1562 sucis
754 1523 865 1562 abeat
897 1523 943 1562 de
976 1535 1139 1574 corpore
1171 1523 1291 1575 livor,

308 1581 502 1632 Impresso
533 1582 619 1620 fieri
651 1583 718 1632 qui
750 1581 848 1620 solet
880 1593 976 1633 ore,
1009 1582 1146 1620 docet:

308 1640 483 1691 Demque
516 1639 562 1679 ab
593 1642 750 1678 incauto
782 1641 946 1679 nimium
977 1641 1076 1690 petit
1106 1640 1168 1678 ille
1201 1641 1366 1691 marit0,

310 1698 358 1737 Se
392 1710 548 1749 quoque
580 1700 638 1737 uti
670 1704 827 1750 servet,
858 1703 996 1749 peccet
1027 1704 1070 1736 ut
1099 1698 1163 1736 illa
1193 1700 1333 1737 minus.

310 1757 420 1808 Scit,
454 1758 517 1795 cui
548 1756 743 1807 latretur,
776 1768 865 1795 cum
898 1756 1004 1795 solus
1037 1756 1259 1795 obambulet
1289 1758 1399 1808 ipse,

220 1823 288 1855 460
310 1815 388 1854 Cur
421 1817 563 1854 totiens
596 1815 746 1854 clausas
779 1820 935 1853 excreet
967 1820 1055 1853 ante
1088 1815 1215 1866 fores,

307 1873 505 1924 Multaque
537 1873 602 1912 dat
633 1873 729 1912 furti
760 1872 847 1911 talis
879 1879 1087 1924 praecepta
1118 1873 1334 1924 docetque,

309 1932 392 1978 Qua
424 1938 566 1983 nuptae
597 1933 750 1983 possint
781 1931 912 1969 fallere
946 1931 991 1969 ab
1024 1936 1106 1969 arte
1138 1933 1263 1969 viros.

307 1990 392 2029 Non
427 1990 500 2029 suit
529 1989 603 2029 hoc
634 1990 689 2028 illi
722 1989 877 2041 fraudi,
910 1989 1130 2040 legiturque
1163 1988 1341 2027 Tibullus

307 2049 356 2087 Et
387 2048 542 2100 placet,
575 2054 614 2087 et
644 2049 720 2087 iam
751 2053 789 2087 te
821 2049 996 2099 principe
1028 2053 1144 2086 notus
1177 2052 1281 2085 erat.

219 2115 286 2148 465
308 2107 485 2146 Invenies
518 2107 652 2146 eadem
683 2106 813 2145 blandi
843 2111 1052 2157 praecepta
1082 2105 1287 2156 Properti:

308 2165 526 2205 Destrictus
557 2167 716 2205 minima
747 2176 820 2203 nec
852 2169 980 2203 tamen
1011 2163 1074 2202 ille
1107 2169 1197 2202 nota
1229 2169 1311 2202 est.

310 2224 378 2263 His
406 2236 476 2275 ego
509 2226 711 2276 successi,
744 2224 926 2274 quoniam
957 2224 1194 2274 praestantia
1226 2221 1370 2261 candor

308 2283 472 2322 Nomina
505 2285 680 2323 vivorum
711 2281 954 2322 dissimulare
986 2280 1118 2320 iubet.
