1575 2489
539 114 585 145 II.
611 121 687 146 vm
709 115 833 146 1-69.
1268 111 1350 152 159

74 229 117 261 35
137 221 251 260 Parte
282 220 364 259 leva
396 221 554 259 minima
587 227 740 259 nostras
772 225 811 259 et
842 220 1028 259 contrahe
1060 232 1204 271 poenas
1223 250 1233 270 ,

195 279 328 329 Daque
348 310 358 330 ,
390 278 527 329 procul
555 278 736 329 Scythico
769 280 836 329 qui
867 280 917 317 sit
948 278 994 317 ab
1026 278 1137 317 hoste
1157 309 1168 330 ,
1200 278 1350 318 locum.

138 336 187 376 Et
218 343 312 388 tua,
346 338 377 375 si
409 337 466 374 fas
499 343 586 387 est,
619 349 638 375 a
671 337 835 375 Caesare
867 338 1043 388 proxime
1077 336 1240 390 Caesar,

195 395 361 434 Numina
394 396 471 433 sint
502 395 685 445 precibus
718 407 795 433 non
827 396 982 434 inimica
1014 397 1134 434 meis.

138 454 200 492 Sic
233 454 312 492 sera
346 455 633 503 quamprimum
665 453 802 503 pavido
835 453 1040 492 Germania
1073 453 1180 492 vultu

72 520 117 551 40
194 512 292 550 Ante
325 512 601 561 triumphantis
633 524 744 550 serva
777 512 925 550 feratur
956 523 1102 563 equos:

138 569 200 608 Sic
232 575 342 620 pater
373 571 412 608 in
444 569 573 620 Pylios
593 602 603 622 ,
636 570 824 608 Cumaeos
856 575 980 608 mater
1011 571 1050 608 in
1083 582 1204 608 annos
1295 577 1351 610 (63)

195 626 359 679 Vivant,
392 634 430 666 et
461 629 588 678 possis
621 628 723 666 filius
757 639 842 666 esse
875 628 963 667 diu.

136 686 194 724 Tu
227 698 412 738 quoque,
446 687 681 725 conveniens
712 687 861 736 ingenti
892 691 1011 737 nupta
1043 687 1207 737 marito,

195 745 337 795 Accipe
370 756 448 782 non
481 744 577 783 dura
609 744 796 796 supplicis
829 756 921 782 aure
954 756 1116 795 preces,

73 810 116 841 45
139 803 203 841 Sic
236 802 306 841 tibi
338 804 396 841 vir
429 815 594 854 sospes,
627 804 682 841 sic
715 804 793 841 sint
825 814 913 840 cum
945 802 1054 852 prole
1087 807 1274 854 nepotes,

196 860 370 911 Cumque
404 860 515 899 bonis
548 860 713 899 nuribus
746 860 849 911 quod
881 872 1071 911 peperere
1104 872 1251 899 nurus.

138 919 201 958 Sic
234 931 349 970 quem
383 919 466 957 dira
498 918 569 957 tibi
600 920 730 969 rapuit
763 918 967 957 Germania
999 918 1193 970 Drusum,

196 976 290 1016 Pars
323 978 441 1016 suerit
472 983 608 1028 partus
640 977 720 1015 sola
753 977 898 1016 caduca
930 978 1012 1016 tui.

138 1035 202 1074 Sic
233 1035 304 1074 tibi
336 1041 486 1074 mature
520 1036 682 1073 fraterni
715 1036 864 1074 sunerIs
897 1035 1001 1074 ultor

75 1102 118 1133 50
198 1093 428 1144 Purpureus
459 1095 582 1132 niveis
614 1094 717 1132 filius
748 1096 868 1132 instet
900 1095 1033 1144 equis.

137 1153 304 1191 Adnuite
337 1151 388 1190 o!
432 1152 578 1191 timidis
597 1184 607 1204 ,
640 1153 844 1191 mitissima
875 1154 1064 1204 numina,
1096 1153 1218 1191 votis.

195 1211 419 1249 Praesentis
452 1210 595 1261 aliquid
628 1212 752 1262 prosit
783 1210 927 1249 habere
960 1211 1076 1249 deos.

139 1269 315 1308 Caesaris
349 1269 516 1308 adventu
550 1275 651 1308 tacta
683 1269 872 1320 gladiator
904 1281 1020 1308 arena

196 1327 314 1379 Exit,
347 1333 385 1366 et
417 1327 602 1366 auxilium
635 1340 713 1366 non
745 1328 828 1366 leve
860 1327 1000 1366 vulnus
1032 1326 1170 1366 habet.

73 1394 115 1426 55
136 1386 214 1424 Nos
247 1398 403 1437 quoque
436 1393 593 1438 vestra,
631 1388 765 1438 iuvet,
798 1386 900 1437 quod
921 1418 931 1437 ,
970 1397 1045 1436 qua
1076 1385 1196 1437 licet,
1229 1397 1296 1424 ora

864 1445 1062 1483 videmus:

196 1503 340 1541 intrata
374 1509 433 1541 est
466 1504 620 1553 superis
654 1503 756 1552 quod
790 1502 928 1541 domus
961 1514 1037 1541 una
1070 1501 1219 1542 tribus,

137 1560 287 1600 Felices
319 1561 402 1612 illi,
436 1563 503 1612 qui
535 1573 612 1600 non
647 1561 851 1600 simulacra
870 1591 881 1613 ,
914 1560 982 1599 sed
1014 1562 1145 1612 ipsos,

197 1619 349 1670 Quique
383 1619 498 1658 deum
532 1631 662 1658 coram
695 1632 860 1670 corpora
891 1631 981 1658 vera
1013 1619 1168 1658 vident.

139 1677 249 1723 Quod
284 1679 467 1728 quoniam
499 1677 612 1717 nobis
644 1678 782 1716 invidit
812 1678 950 1717 inutile
983 1678 1130 1729 satum,

75 1745 118 1775 60
198 1735 303 1781 Quos
334 1736 440 1776 dedit
472 1748 564 1788 ars,
597 1736 725 1775 vultus
759 1737 1004 1787 effigiemque
1038 1736 1146 1775 colo.

141 1794 203 1833 Sic
236 1795 412 1833 homines
445 1807 588 1833 novere
621 1795 744 1847 deos,
777 1807 875 1846 quos
907 1795 1053 1833 arduus
1086 1794 1221 1834 aether

198 1852 381 1905 Occulit,
414 1859 452 1891 et
484 1853 626 1892 colitur
659 1865 730 1904 pro
763 1853 851 1892 Iove
884 1854 1006 1892 forma
1039 1853 1164 1892 lovis.

139 1911 346 1963 Denique,
378 1923 477 1962 quae
516 1923 670 1951 mecum
703 1918 763 1950 est
800 1919 839 1950 et
876 1914 951 1950 erit
989 1913 1071 1950 sine
1110 1912 1210 1963 fine,

867 1976 1023 2022 cavete,
1301 1978 1356 2011 (64)

198 2028 254 2067 Ne
287 2030 338 2068 sit
369 2030 409 2068 in
442 2030 566 2068 inviso
600 2035 727 2067 vestra
760 2029 883 2079 figura
915 2029 1023 2067 loco.

78 2094 120 2125 65
141 2086 235 2125 Nam
269 2093 385 2138 caput
418 2099 438 2126 e
472 2095 604 2126 nostra
639 2089 755 2126 citius
788 2088 939 2126 cervice
971 2085 1153 2140 recedet,

200 2145 245 2184 Et
279 2147 402 2196 patiar
435 2146 551 2185 fossis
584 2145 716 2184 lumen
750 2145 856 2184 abire
889 2147 1022 2197 genis,

142 2203 266 2249 Quam
299 2216 449 2242 caream
482 2205 633 2257 raptis,
665 2216 687 2242 o
719 2204 873 2255 pubHca
905 2202 1087 2243 numina!
1131 2203 1262 2243 vobis.

198 2261 274 2300 Vos
307 2263 416 2301 eritis
449 2269 605 2301 nostrae
638 2269 775 2314 portus
808 2269 847 2301 et
878 2275 943 2301 ara
975 2263 1109 2313 fugae.

141 2319 215 2358 Vos
247 2332 317 2371 ego
350 2321 617 2374 complectar,
651 2321 795 2360 Geticis
829 2322 861 2360 si
894 2323 1026 2373 cingar
1059 2320 1105 2359 ab
1138 2323 1279 2373 armis,
