1575 2489
173 87 255 128 196
712 85 776 116 Ex
800 83 957 117 PONTO

776 213 903 260 VIII.

288 310 435 348 Littera
467 320 551 347 sera
584 307 770 358 quidem,
802 306 941 345 studiis
973 306 1124 345 exculte
1158 306 1290 358 Suilli,

347 367 432 405 Huc
463 372 529 404 tua
560 366 767 416 pervenit,
799 364 867 403 sed
900 364 994 403 mihi
1025 371 1133 415 grata
1165 371 1317 416 tamen,

290 425 373 470 Qua
392 456 402 476 ,
434 425 497 474 pia
529 424 562 462 si
593 424 716 473 possit
749 434 912 473 superos
944 422 1067 461 lenire
1098 422 1269 473 rogando

348 482 479 521 Gratia
499 512 509 532 ,
541 481 711 519 laturum
743 485 780 519 te
812 480 908 518 mihi
939 480 1035 519 dicis
1068 492 1204 530 opem.

249 549 269 580 5
290 540 339 579 Ut
370 542 446 578 iam
478 539 531 578 nil
564 544 739 590 praestes
758 569 769 589 ,
801 539 918 576 animi
950 550 1037 577 sum
1069 538 1193 576 sactus
1225 538 1339 576 amici

348 597 509 637 Debitor
528 628 539 648 ,
571 603 610 635 et
640 597 824 635 meritum
856 595 953 634 velle
984 597 1116 634 iuvare
1148 608 1264 634 voco.

290 657 461 707 Impetus
493 657 566 693 iste
599 661 691 693 tuus
717 653 875 704 longum
902 653 1014 692 modo
1041 653 1155 692 duret
1179 655 1220 692 in
1252 665 1408 705 aevum,
1431 662 1502 694 (121)

350 714 453 752 Neve
486 713 596 751 malis
628 713 752 763 pietas
785 713 835 749 sit
866 718 932 750 tua
964 711 1063 749 lassa
1095 712 1215 750 meis.

293 773 357 811 Ius
389 771 543 821 aliquod
577 771 724 809 faciunt
756 769 895 808 adfinia
927 768 1080 807 vincula
1112 769 1246 820 nobis,

231 839 271 870 10
351 830 458 875 Quae
491 841 644 879 semper
676 834 857 866 maneant
887 826 1116 865 inlabefacta
1135 858 1146 878 ,
1177 839 1340 877 precor.

292 888 387 927 Nam
420 887 491 926 tibi
523 898 621 937 quae
654 887 822 924 coniunx
841 917 851 937 ,
885 885 1019 924 eadem
1050 885 1143 923 mihi
1176 885 1250 923 filia
1283 897 1420 938 paene3

350 945 399 984 Et
431 957 528 996 quae
561 950 599 983 te
631 955 819 994 generum
838 975 849 994 ,
880 955 942 982 me
973 948 1084 981 vocat
1115 942 1178 981 illa
1210 944 1359 983 virum.

293 1004 338 1042 Ei
371 1003 464 1041 mihi
483 1034 493 1054 ‚
527 1003 560 1040 si
591 1002 701 1040 lectis
733 1001 883 1040 vultum
915 1007 958 1039 tu
990 1000 1168 1039 versibus
1201 1002 1285 1040 istis

353 1061 470 1099 Ducis
503 1067 542 1098 et
572 1060 737 1098 adfinem
768 1065 806 1097 te
839 1058 959 1109 pudet
991 1070 1075 1097 esse
1108 1058 1259 1097 meum!

233 1128 272 1158 15
294 1120 341 1158 At
372 1118 469 1157 nihil
500 1118 562 1156 hic
595 1117 755 1167 dignum
786 1118 933 1167 poteris
966 1118 1140 1166 reperire
1172 1117 1319 1167 pudore

352 1176 513 1215 Praeter
546 1176 763 1225 fortunam,
797 1186 895 1225 (piae
928 1174 1021 1212 mihi
1054 1186 1167 1212 caeca
1199 1175 1294 1213 fuit.

296 1235 373 1274 Seu
405 1245 528 1285 genus
561 1234 732 1271 excutias
751 1263 761 1280 ,
794 1234 946 1283 equites
978 1232 1025 1270 ab
1058 1234 1205 1283 origine
1237 1234 1360 1284 prima

354 1292 484 1343 Usque
516 1303 585 1343 per
616 1293 844 1329 innumeros
875 1291 1119 1329 inveniemur
1151 1302 1263 1329 avos:

296 1350 383 1390 Sive
416 1350 539 1402 velis,
572 1351 639 1400 qui
671 1350 749 1387 sint
779 1360 908 1386 mores
940 1350 1139 1399 inquirere.
1171 1350 1318 1401 nostri,

232 1417 275 1449 20
355 1408 540 1447 Errorem
573 1409 715 1446 misero
748 1406 936 1458 detrahe,
969 1406 1054 1444 labe
1087 1413 1242 1445 carent.

296 1467 354 1506 Tu
388 1466 500 1505 modo
534 1465 662 1516 siquid
695 1466 755 1515 agi
787 1464 960 1515 sperabis
992 1476 1107 1515 posse
1138 1464 1358 1516 precando,

355 1524 460 1569 Quos
493 1523 616 1573 colis,
649 1534 764 1561 exora
797 1522 970 1573 supplice
1003 1534 1096 1561 voce
1129 1523 1244 1561 deos.

296 1582 341 1621 Di
372 1581 443 1621 tibi
474 1583 552 1620 sint
584 1581 722 1619 Caesar
755 1582 905 1618 iuvenis
927 1611 935 1618 .
991 1586 1057 1619 tua
1088 1582 1246 1619 numina
1277 1581 1407 1632 placa.

355 1639 434 1678 Hac
466 1645 571 1678 certe
606 1638 708 1677 nulla
741 1644 800 1677 est
831 1639 959 1676 notior
991 1650 1056 1676 ara
1087 1638 1178 1677 tibi.

232 1708 275 1741 ‘25
296 1699 381 1737 Non
414 1699 505 1736 sinit
536 1696 599 1735 illa
631 1698 691 1735 sui
723 1708 838 1734 vanas
870 1697 1054 1735 antistitis
1087 1708 1271 1747 umquam

355 1756 450 1794 Esse
483 1767 647 1806 preces.
705 1756 849 1793 nostris
881 1754 971 1793 hinc
1004 1760 1091 1804 pete
1125 1754 1243 1793 rebus
1275 1767 1410 1805 opem.

297 1813 516 1859 Quamlibet
549 1815 685 1863 exigua
717 1814 749 1850 si
782 1824 852 1850 nos
885 1824 928 1850 ea
960 1814 1102 1850 iuverit
1133 1825 1224 1851 aura
1244 1844 1254 1864 ,

357 1872 505 1911 Obruta
537 1871 583 1909 de
618 1870 754 1909 mediis
786 1870 923 1909 cumba
956 1877 1135 1921 resurget
1166 1873 1298 1921 aquis.

298 1931 407 1969 Tunc
441 1942 509 1980 ego
543 1935 629 1968 tura
662 1930 782 1967 seram
818 1929 962 1980 rapidis
996 1928 1196 1967 sollemnia
1227 1929 1413 1982 flammis,
1433 1939 1506 1972 (122)

235 1998 278 2028 30
358 1988 405 2027 Et
437 1988 587 2026 valeant
620 1992 806 2037 quantum
839 1988 1026 2039 numina,
1057 1988 1170 2025 testis
1202 1999 1291 2026 ero.

298 2048 377 2086 Nec
411 2046 480 2085 tibi
513 2046 559 2084 de
592 2044 703 2083 Pario
737 2050 930 2096 statuam,
964 2044 1190 2083 Germanice
1210 2077 1221 2097 ,
1253 2045 1439 2098 templum

356 2105 547 2143 Marmore
568 2134 576 2142 .
631 2104 776 2154 carpsit
808 2115 899 2154 opes
931 2102 994 2141 illa
1026 2104 1138 2141 ruina
1170 2115 1297 2142 meas.

299 2162 456 2213 Templa
490 2163 627 2201 domus
659 2162 801 2200 facient
832 2160 939 2199 vobis
972 2160 1168 2212 urbesque
1200 2161 1356 2202 beatae.

357 2221 457 2259 Naso
491 2222 570 2259 suis
604 2219 770 2271 opibus,
803 2221 972 2258 carmine
1005 2226 1137 2270 gratus
1170 2222 1267 2259 erit.

236 2288 278 2318 35
299 2279 418 2317 Parva
453 2279 608 2328 quidem
641 2278 763 2317 fateor
795 2290 864 2329 pro
897 2279 1044 2329 magnis
1079 2290 1239 2317 munera
1271 2279 1404 2330 reddi,
