1601 2484
166 61 218 100 12
716 64 939 96 TRISTHJM

279 170 489 209 Fortunam
522 176 721 221 praestent
752 171 1055 222 dissimilemque
1087 184 1218 211 meae.

282 228 323 266 Si
353 234 482 266 tamen
514 228 608 266 haec
640 230 746 266 navis
781 235 892 267 vento
926 230 1096 269 ferretur
1128 231 1275 281 amico,

279 285 531 335 Ignoraretur
563 286 725 324 forsitan
756 287 829 325 ista
860 287 978 326 fides.

280 343 429 381 Thesea
461 343 659 382 Pirithous
691 356 768 382 non
801 350 878 382 tam
910 347 1097 384 sensisset
1129 346 1319 397 amicum,

218 409 258 439 20
282 401 323 439 Si
354 413 430 439 non
463 402 636 440 infernas
667 404 776 441 vivus
809 403 953 441 adisset
984 415 1124 454 aquas.

282 458 330 496 L't
364 459 464 497 soret
496 460 714 510 exemplum
748 463 828 499 veri
859 461 1036 499 Phoceus
1069 462 1234 513 amoris,

281 516 475 555 Fecerunt
507 518 629 556 furiae
648 549 659 570 ,
692 520 815 556 tristis
847 518 984 558 Oresta
1004 551 1015 571 ,
1046 524 1159 557 tuae.

282 575 319 612 Si
353 588 431 613 non
462 575 652 626 Euryalus
685 576 850 614 Rutulos
882 577 1087 616 cecidisset
1118 578 1158 615 in
1191 576 1348 628 hostes,

282 633 510 683 Hyrtacidae
543 634 626 672 Nisi
659 634 778 684 gloria
813 634 916 673 nulla
948 635 1070 673 foret.

218 699 259 728 25
283 691 439 729 Scilicet
470 698 513 730 ut
545 692 692 730 fulvum
725 699 923 743 spectatur
954 694 993 730 in
1025 692 1180 743 ignibus
1212 704 1376 744 aurum,

280 749 472 800 Tempore
505 752 560 788 sic
593 750 690 788 duro
725 756 783 789 est
815 750 1056 801 inspicienda
1087 750 1205 789 fides.

279 807 376 845 Dum
410 810 514 846 iuvat
546 814 586 847 et
617 809 724 847 vultu
757 809 857 847 ridet
890 809 1061 847 Fortuna
1093 820 1258 859 sereno,

280 864 511 904 Indelibatas
544 873 682 905 cuncta
715 873 935 917 sequuntur
967 878 1084 917 opes:

279 924 327 961 At
358 924 473 962 simul
505 926 702 975 intonuit,
735 925 917 977 fugiunt,
949 937 1022 963 nec
1054 926 1229 963 noscitur
1263 924 1352 976 ulli,

215 990 258 1019 30
279 982 508 1032 Agminibus
540 985 725 1021 comitum
758 985 822 1033 qui
855 983 969 1021 modo
1002 984 1154 1021 cinctus
1187 988 1291 1021 erat.

278 1041 403 1090 Atque
436 1040 529 1078 haec
549 1071 560 1091 ,
593 1041 778 1091 exemplis
811 1042 1005 1091 quondam
1038 1041 1198 1079 collecta
1232 1043 1437 1093 priorum,

279 1097 389 1136 Nunc
422 1099 517 1136 mihi
549 1105 640 1137 sunt
670 1101 840 1149 propriis
873 1101 1026 1150 cognita
1062 1111 1150 1137 vera
1183 1099 1314 1137 malis.

278 1155 348 1194 Vix
380 1156 455 1194 duo
489 1162 616 1195 tresve
649 1157 743 1195 mihi
776 1157 822 1195 de
856 1163 912 1196 tot
944 1159 1160 1207 superestis
1193 1158 1328 1209 amici3

279 1214 415 1252 Cetera
448 1214 672 1265 Fortunae,
706 1227 781 1253 non
815 1227 899 1253 mea
930 1215 1044 1254 turba
1076 1216 1170 1253 fuit.

216 1280 258 1310 35
281 1272 366 1316 Quo
398 1274 520 1322 magis
540 1303 550 1323 ,
583 1284 604 1310 o
637 1275 779 1323 pauci,
811 1273 930 1311 rebus
963 1274 1182 1312 succurrite
1214 1272 1351 1324 laesis,

282 1330 326 1368 Et
358 1330 443 1368 date
477 1332 677 1380 naufragio
709 1331 821 1369 litora
855 1337 935 1370 tuta
968 1343 1078 1383 meo,

276 1388 380 1426 Neve
411 1395 517 1427 metu
551 1389 645 1427 falso
679 1391 840 1427 nimium
874 1389 1064 1439 trepidate
1084 1421 1094 1440 ,
1126 1390 1332 1440 timentes,

277 1446 354 1484 Hac
388 1447 606 1485 offendatur
638 1460 685 1485 ne
717 1449 858 1497 pietate
892 1446 1010 1485 deus!

279 1504 400 1554 Saepe
434 1505 547 1542 fidem
580 1505 752 1543 adversis
786 1507 899 1543 etiam
933 1505 1100 1543 laudavit
1131 1506 1171 1543 in
1203 1506 1343 1555 armis,

211 1570 256 1601 40
277 1562 399 1612 Inque
433 1564 514 1600 suis
546 1569 647 1601 amat
678 1563 776 1601 hanc
810 1562 979 1615 Caesar,
1010 1565 1050 1601 in
1082 1563 1192 1601 hoste
1226 1562 1389 1613 probat.

278 1620 399 1659 Causa
432 1633 515 1658 mea
548 1627 607 1659 est
638 1621 775 1659 melior
795 1652 805 1671 ,
838 1623 904 1671 qui
936 1633 1013 1659 non
1045 1623 1238 1659 contraria
1272 1621 1348 1659 fovi

275 1680 420 1729 Arma,
454 1680 520 1717 sed
553 1679 650 1718 hanc
684 1681 811 1718 merui
844 1679 1089 1730 simplicitate
1122 1680 1274 1730 sugam.

276 1737 456 1787 Invigiles
487 1739 607 1787 igitur
640 1739 783 1776 nostris
816 1750 885 1788 pro
920 1737 1073 1776 casibus
1093 1769 1104 1790 ,
1136 1750 1230 1790 0r0,

277 1795 456 1833 Deminui
489 1798 598 1846 siqua
630 1798 800 1834 numinis
832 1797 890 1834 ira
921 1802 1072 1846 potest.

212 1862 254 1891 45
279 1853 387 1892 Scire
420 1866 526 1892 meos
559 1866 671 1892 casus
703 1855 826 1904 siquis
859 1854 1054 1892 desiderat
1085 1856 1233 1905 omnis,

278 1912 400 1963 Plus,
433 1924 548 1962 quam
581 1913 683 1963 quod
716 1913 800 1950 fieri
831 1924 895 1950 res
928 1914 1049 1964 sinit,
1080 1913 1144 1951 ille
1175 1914 1295 1964 petit.

277 1970 351 2008 Tot
375 1970 473 2008 mala
499 1983 586 2009 sum
612 1982 749 2022 passus
769 2002 780 2022 ,
812 1976 908 2021 quot
932 1972 972 2009 in
999 1971 1156 2010 aethere
1183 1972 1310 2009 sidera
1335 1970 1492 2022 lucent,

277 2028 475 2079 Parvaque
509 2036 603 2079 quot
635 2031 762 2067 siccus
795 2041 959 2080 corpora
990 2029 1116 2080 pulvis
1147 2029 1284 2067 habet:

278 2087 473 2137 Multaque
508 2087 683 2126 credibili
715 2087 875 2126 tulimus
907 2089 1081 2138 maiora,
1113 2094 1338 2138 ratamque,

213 2154 256 2183 50
279 2146 461 2190 Quamvis
494 2146 733 2196 acciderint,
766 2158 842 2184 non
875 2145 1053 2184 habitura
1085 2145 1222 2184 fidem.

278 2203 372 2241 Pars
405 2205 520 2242 etiam
553 2204 739 2255 quaedam
772 2216 924 2242 mecum
956 2205 1145 2242 moriatur
1178 2210 1355 2257 oportet,

276 2261 414 2312 Meque
447 2262 559 2301 velim
592 2264 716 2313 possit
747 2261 1013 2300 dissimulante
1045 2264 1135 2313 tegi.
