1575 2489
161 74 244 114 286
698 74 950 106 FASTORUM

335 181 524 232 Stabant,
556 180 755 230 Argolicae
788 181 890 231 quod
922 192 1089 230 posuere
1121 193 1280 220 manus.

277 240 443 278 Venerat
473 239 628 276 Atridae
661 240 750 276 fatis
782 240 947 288 agitatus
979 238 1186 291 Halaesus,

333 298 364 335 A
396 309 472 347 quo
505 308 546 334 se
579 296 720 334 dictam
753 301 858 334 terra
889 295 1037 335 Falisca
1068 302 1200 348 putat.

214 363 256 394 75
277 355 394 393 Adice
427 354 615 392 Troianae
648 365 847 392 suasorem
878 354 1074 393 Antenora
1105 357 1234 406 pacis,

334 412 383 450 Et
414 424 602 462 generum
634 411 808 450 Oeniden
827 442 838 464 ‚
869 411 992 462 Apule
1024 412 1156 451 Daune
1175 445 1185 463 ‚
1218 418 1350 451 tuum.

277 471 397 509 Serus
429 469 476 508 ab
508 466 633 508 Iliacis
666 475 704 508 et
735 475 823 520 post
854 470 1048 508 Antenora
1079 470 1242 509 flammis

333 527 472 566 Attulit
502 528 651 566 Aeneas
682 529 723 565 in
755 527 838 565 loca
869 534 1001 566 nostra
1032 528 1147 567 deos.

276 585 401 625 Huius
434 591 516 624 erat
548 585 726 636 Solymus
757 585 923 636 Phrygia
955 598 1085 625 comes
1116 598 1218 624 unus
1250 586 1296 625 ab
1328 586 1414 636 Ida,

212 653 257 683 80
336 644 366 682 A
399 656 475 694 quo
509 643 704 682 Sulmonis
736 645 887 682 moenia
919 656 1060 682 nomen
1091 644 1256 683 habent:

278 702 473 740 Sulmonis
505 701 650 752 gelidi,
681 703 826 752 patriae
845 732 856 752 ‚
888 701 1144 753 Germanice,
1176 709 1353 741 nostrae.

334 760 393 798 Me
424 761 612 798 miserum
631 790 641 810 ,
675 759 854 810 Scythico
882 771 995 810 quam
1028 759 1165 810 procul
1196 760 1258 798 illa
1291 760 1370 798 solo
1404 759 1483 798 est!

275 818 377 868 Ergo
403 830 472 869 age
504 824 581 856 tam
610 818 742 868 longas
775 818 841 856 sed
869 819 1092 870 supprime,
1117 817 1244 869 Musa,
1272 817 1483 868 querellas!

332 876 418 914 Non
451 875 522 914 tibi
555 882 645 914 sunt
676 882 821 915 maesta
853 887 961 914 sacra
994 876 1166 914 canenda
1197 875 1299 926 lyra!

211 942 254 973 85
275 933 358 979 Quo
392 946 469 972 non
501 934 598 972 livor
631 933 710 972 abit
729 931 749 972 Ῥ
794 940 884 972 sunt
916 935 984 984 qui
1015 933 1085 972 tibi
1117 936 1261 972 mensis

1171 992 1359 1030 honorem
1411 1000 1483 1031 (117)

333 1049 535 1100 Eripuisse
568 1049 687 1087 velint
717 1049 990 1100 invideantque
1010 1081 1020 1100 ‚
1051 1049 1203 1088 Venus.

273 1108 369 1145 Nam
402 1109 490 1158 quia
522 1120 588 1145 ver
621 1109 746 1158 aperit
776 1113 869 1145 tunc
901 1109 1026 1145 omnia
1045 1138 1056 1158 ‚
1089 1107 1285 1158 densaque
1318 1107 1419 1146 cedit

332 1166 504 1216 Frigoris
537 1168 754 1217 asperitas,
786 1166 940 1215 setaque
972 1171 1077 1203 terra
1108 1171 1236 1217 patet,

273 1224 444 1274 Aprilem
476 1229 692 1262 memorant
723 1223 769 1262 ab
802 1229 935 1273 aperto
967 1228 1143 1273 tempore
1175 1224 1344 1262 dictum:

210 1290 252 1321 90
332 1282 455 1327 Quem
488 1282 616 1321 Venus
648 1283 789 1320 iniecta
821 1281 990 1320 vindieat
1021 1281 1117 1320 alma
1148 1294 1288 1321 mauu.

273 1339 339 1378 Illa
372 1340 528 1390 quidem
562 1346 685 1379 totum
717 1340 942 1390 dignissima
975 1346 1166 1391 temperat
1197 1340 1352 1391 orbem;

296 1409 301 1412 ·
333 1398 398 1436 Illa
431 1404 538 1437 tenet
569 1398 673 1437 nullo
705 1410 825 1449 regna
856 1399 1005 1436 minora
1037 1398 1132 1450 deo,

274 1455 438 1507 luraque
471 1456 536 1495 dat
567 1457 672 1495 caelo
691 1487 702 1508 7
733 1463 861 1495 terrae
881 1487 891 1507 ,
925 1455 1116 1495 natalibus
1148 1456 1284 1507 undis,

330 1514 484 1565 Perque
517 1527 608 1553 suos
639 1515 761 1553 initus
793 1516 966 1553 continet
997 1526 1111 1552 omne
1142 1527 1285 1565 genus.

211 1580 253 1611 95
275 1572 341 1610 Illa
373 1573 466 1611 deos
499 1585 633 1611 omnes
666 1595 708 1599 —
734 1572 892 1623 longum
923 1577 984 1610 est
1014 1584 1220 1611 numerare
1247 1594 1289 1599 —
1317 1574 1481 1612 creavit:

330 1630 397 1669 Illa
430 1632 521 1669 satis
554 1643 689 1670 causas
722 1630 1006 1681 arboribusque
1038 1630 1168 1670 dedit:

273 1688 338 1727 Illa
370 1688 488 1727 rudes
521 1691 669 1727 animos
700 1688 901 1727 hominum
934 1690 1126 1727 contraxit
1157 1690 1196 1727 in
1228 1701 1372 1741 unum,

332 1746 380 1785 Et
411 1747 544 1786 docuit
574 1748 683 1797 iungi
715 1758 803 1786 cum
834 1758 926 1797 pare
959 1758 1153 1797 quemque
1186 1759 1279 1786 sua.

274 1805 373 1850 Quid
407 1817 529 1856 genus
562 1817 675 1844 omne
708 1811 814 1844 creat
845 1804 1047 1843 volucrum
1065 1835 1076 1856 ,
1109 1806 1184 1843 nisi
1214 1805 1352 1844 blanda

995 1861 1205 1914 voluptas?

190 1929 252 1959 100
331 1921 411 1960 Nec
444 1927 581 1960 coeant
612 1921 811 1973 pecudes,
844 1922 877 1960 si
907 1921 1002 1960 levis
1034 1920 1132 1960 absit
1164 1933 1293 1960 amor.

273 1979 369 2018 Cum
401 1991 507 2018 mare
540 1986 629 2018 trux
662 1981 762 2018 aries
795 1991 918 2018 cornu
950 1979 1151 2030 decertat3
1184 1985 1222 2018 at
1252 1979 1354 2018 idem

332 2037 515 2077 Frontem
548 2038 710 2077 dilectae
742 2037 894 2076 laedere
929 2039 1051 2088 parcit
1082 2039 1185 2075 ovis.

272 2095 454 2146 Deposita
486 2098 663 2146 sequitur
695 2103 829 2135 taurus
862 2096 1013 2134 feritate
1044 2097 1273 2146 iuvencam,

332 2154 456 2199 Quem
488 2156 559 2193 toti
592 2154 740 2206 saltus,
774 2166 889 2205 quem
920 2165 1058 2192 nemus
1091 2166 1202 2192 omne
1236 2154 1386 2191 tremit.

189 2219 252 2250 105
274 2211 338 2250 Vis
370 2213 504 2251 eadem
536 2213 612 2252 lato
645 2212 917 2263 quodcumque
950 2211 1021 2250 sub
1054 2224 1222 2263 aequore
1255 2213 1367 2262 vivit,

334 2270 495 2323 Servat,
529 2278 567 2310 et
597 2272 812 2310 innumeris
844 2269 1015 2321 piscibus
1048 2270 1182 2321 implet
1214 2282 1353 2320 aquas.
