1575 2489
462 85 522 117 IV.
548 92 642 117 ΧΠΠ
663 86 828 118 54—xv1
850 85 904 118 16.
1265 81 1346 122 211

196 193 256 232 Sis
288 182 561 242 argumentum
593 193 747 243 maius,
779 203 827 229 an
859 191 1068 230 auxilium.

136 250 215 290 Nec
247 249 428 289 dubitans
460 262 557 288 oro:
602 250 670 288 sed
701 250 860 288 flumine
893 262 1007 300 saepe
1039 249 1211 289 secundo

194 310 369 359 Augetur
399 309 517 346 remis
550 320 691 347 cursus
723 309 851 347 euntis
883 319 1028 358 aquae.

138 366 185 405 Et
215 366 336 417 pudet
368 371 406 404 et
436 371 569 404 metuo
602 378 834 417 semperque
866 367 1078 417 eademque
1110 367 1285 417 precari,

73 433 117 463 30
195 424 252 463 Ne
285 423 451 463 subeant
481 425 608 462 animo
643 425 767 463 taedia
798 426 901 463 iusta
932 430 1021 463 tuO.

136 482 280 521 Verum
312 482 404 533 quid
438 482 574 520 faciam
593 480 614 521 Ῥ
657 494 721 521 res
752 482 994 521 inmoderata
1025 482 1166 533 cupido
1199 486 1280 520 est.

195 540 250 578 Da
281 541 432 579 veniam
464 541 556 579 vitio
575 572 586 592 ‚
617 542 723 579 mitis
755 543 876 579 amice
895 572 905 592 ,
938 553 1048 581 meo.

137 598 319 637 Scribere
351 610 465 649 saepe
498 598 601 637 aliud
634 601 796 650 cupiens
828 599 987 638 delabor
1019 598 1179 638 eodem:

196 655 299 707 [Ipsa
330 656 460 695 locum
491 669 562 707 per
594 669 634 695 se
666 657 795 696 littera
826 663 960 696 nostra
991 662 1102 708 rogat
1120 656 1147 706 .]

74 723 116 754 35
139 715 216 753 Seu
249 720 378 753 tamen
411 716 574 753 effectus
605 715 786 754 habitura
819 722 878 754 est
909 717 1060 766 gratia,
1090 727 1159 753 seu
1191 726 1253 752 me
1280 722 1354 755 (141)

195 772 299 811 Dura
330 773 438 811 iubet
470 773 596 824 gelido
628 773 750 812 Parca
781 773 855 812 sub
888 785 957 811 axe
989 775 1113 811 mori:

139 830 302 882 Semper
333 831 493 869 inoblita
524 836 699 881 repetam
732 837 797 870 tua
830 843 992 870 munera
1024 837 1178 883 mente,

195 889 244 927 Et
275 901 360 927 mea
392 901 453 927 me
487 888 601 928 tellus
634 889 765 928 audiet
796 901 882 927 esse
915 895 1049 928 tuum.

136 947 278 985 Audiet
309 953 348 985 et
380 946 485 985 caelo
516 948 641 998 posita
674 952 734 985 est
765 959 1035 998 quaecumque
1068 947 1140 986 sub
1174 947 1279 999 ullo,

72 1013 116 1044 40
195 1004 352 1043 Transit
383 1011 516 1044 nostra
549 1005 653 1044 feros
686 1006 719 1044 si
751 1006 865 1044 modo
897 1005 1007 1044 Musa
1040 1005 1180 1058 Getas,

136 1062 270 1113 Teque
303 1075 410 1101 meae
443 1075 600 1102 causam
632 1069 950 1114 servatoremque
983 1064 1146 1117 salutis,

196 1121 334 1171 Meque
367 1127 478 1160 tuum
510 1121 607 1160 libra
640 1124 745 1161 norit
777 1128 816 1160 et
848 1134 936 1160 aere
970 1124 1121 1161 minus.

626 1249 748 1295 XVI.

137 1354 269 1393 Invide
288 1386 298 1406 ‚
331 1355 424 1405 quid
456 1355 606 1393 laceras
637 1354 803 1394 Nasonis
835 1357 1006 1395 carmina
1039 1354 1176 1407 rapti?

195 1413 281 1451 Non
314 1413 413 1451 solet
444 1414 610 1463 ingeniis
643 1425 792 1452 summa
824 1426 967 1452 nocere
1000 1414 1106 1467 dies,

137 1471 332 1521 Famaque
364 1477 454 1522 post
486 1473 638 1510 cineres
670 1473 793 1510 maior
825 1474 959 1511 venit.
1017 1478 1055 1511 et
1087 1473 1182 1512 mihi
1214 1486 1356 1513 nomen

196 1529 307 1568 Tunc
340 1541 495 1580 quoque
514 1560 524 1580 ,
558 1541 646 1568 cum
680 1531 775 1568 vivis
808 1531 1088 1569 adnumerarer
1106 1563 1118 1583 ‚
1150 1538 1256 1571 erat:

99 1596 116 1626 5
139 1587 236 1626 Cum
267 1588 369 1626 foret
401 1593 439 1626 et
470 1587 621 1627 Marsus
654 1590 862 1639 magnique
894 1588 1077 1628 Rabirius
1110 1591 1189 1628 oris

197 1645 415 1696 Iliacusque
448 1645 578 1685 Macer
610 1647 867 1698 sidereusque
900 1646 1029 1687 Pedo:

138 1703 216 1755 Et,
249 1706 317 1754 qui
347 1704 538 1743 Iunonem
571 1705 749 1744 laesisset
779 1707 819 1744 in
852 1705 1019 1745 Hercule
1039 1738 1050 1758 ,
1083 1705 1228 1759 Carus,

196 1762 355 1800 Iunonis
388 1764 421 1801 si
453 1764 530 1801 iam
562 1775 639 1801 non
672 1776 792 1814 gener
823 1764 886 1802 ille
920 1765 1047 1804 foret:

138 1820 292 1871 Quique
327 1820 433 1859 dedit
465 1820 575 1859 Latio
608 1834 765 1860 carmen
797 1823 926 1873 regale
960 1822 1152 1875 Severus,

74 1888 116 1918 10
196 1879 245 1916 Et
277 1891 366 1917 cum
399 1878 534 1918 subtili
566 1879 726 1918 Priscus
758 1886 925 1931 uterque
957 1881 1106 1920 Numa:

138 1937 291 1987 Quique
327 1936 385 1975 vel
416 1937 631 1989 imparibus
664 1940 866 1990 numeris,
892 1939 1073 1978 Montane
1091 1971 1101 1991 ‚
1133 1940 1193 1978 vel
1225 1943 1358 1992 aequis

198 1995 353 2034 Sufficis
372 2026 383 2047 ‚
416 2001 455 2034 et
486 1998 640 2047 gemino
674 1998 845 2035 carmine
878 2009 1021 2036 nomen
1052 1997 1196 2038 habes:

136 2053 185 2092 Et
219 2055 285 2104 qui
315 2053 532 2105 Penelopae
564 2054 784 2093 rescribere
817 2057 931 2094 iussit
962 2056 1101 2094 Ulixen

196 2112 404 2151 Errantem
435 2125 548 2151 saevo
580 2125 653 2164 per
684 2113 761 2152 duo
793 2114 916 2152 lustra
948 2116 1070 2166 mari,

75 2179 116 2210 15
138 2171 291 2222 Quique
331 2183 439 2210 suam
477 2171 695 2211 Trisemem
738 2173 1091 2223 imperfectumque

866 2230 1019 2269 dierum
1209 2255 1256 2263 -
1288 2241 1357 2274 (1452

198 2287 379 2328 Deseruit
411 2288 528 2328 celeri
561 2295 686 2328 morte
721 2288 888 2328 Sabinus
921 2302 1044 2341 opus:

1081 2355 1151 2390 14*
