1575 2489
505 84 550 117 ΙΙ.
577 92 643 116 1111
664 86 783 117 21—v
804 86 859 118 57.
1263 84 1346 126 153

136 192 373 241 Ingenioque
405 202 491 229 meo
511 223 522 243 ,
553 204 650 230 vena
682 191 784 242 quod
817 203 988 242 paupere
1019 198 1172 244 manat,

191 249 347 287 Plaudis
366 279 376 299 ,
410 254 448 287 et
479 261 499 287 e
532 251 614 288 rivo
646 250 806 288 flumina
837 262 974 300 magna
1006 250 1125 289 facis.

135 307 249 345 Grata
281 306 437 357 quidem
470 313 562 346 sunt
592 307 688 346 haec
720 310 846 346 animo
879 309 1060 359 suffragia
1092 313 1249 359 nostro,

192 364 260 403 Vix
294 364 368 402 sibi
400 377 488 403 cum
519 367 683 404 miseros
716 378 829 417 posse
861 366 1013 417 placere
1046 373 1182 417 putas.

71 430 113 462 25
135 423 233 461 Dum
265 427 394 461 tamen
426 424 466 461 in
498 423 616 462 rebus
649 430 884 475 temptamus
917 426 1086 463 carmina
1118 426 1269 476 parvis,

192 481 373 519 Materiae
405 481 540 531 gracili
572 482 716 521 sufficit
747 484 969 533 ingenium:

132 538 294 590 Nuper,
326 544 370 577 ut
400 539 476 577 huc
508 542 636 590 magni
667 543 845 591 pervenit
877 541 975 579 fama
1007 540 1218 592 triumphi,

191 598 320 635 Ausus
352 609 438 635 sum
470 603 598 636 tantae
631 611 786 637 sumere
818 599 930 637 molis
962 611 1082 649 opus.

133 654 274 693 Obruit
305 655 511 694 audentem
543 668 675 695 rerum
708 658 952 707 gravitasque
986 659 1191 708 nitorque,

69 721 112 752 30
191 713 271 751 Nec
302 715 412 764 potui
445 716 572 765 coepti
603 715 910 765 p01idera·fe1·1·e
943 716 1041 753 inei.

133 770 214 809 Illic
248 783 361 822 quam
394 772 556 823 laudes,
589 774 664 811 erit
695 773 866 811 officiosa
898 772 1100 811 voluntas:

195 829 331 868 Cetera
364 832 524 868 materia
557 830 753 869 debilitata
785 832 935 869 iacent.

133 887 207 932 Qui
241 889 273 926 si
305 888 404 926 forte
436 888 534 926 liber
566 894 715 927 vestras
746 890 926 938 pervenit
956 887 1001 926 ad
1035 900 1173 939 aures,

190 945 367 984 Tutelam
386 978 397 996 ,
430 946 567 984 mando
587 978 597 998 ,
630 948 772 984 sentiat
803 946 866 985 ille
898 952 1024 985 tuam.

69 1010 111 1042 35
132 1002 213 1041 Hoc
246 1003 315 1042 tibi
348 1004 497 1042 facturo
517 1036 527 1055 ,
559 1004 619 1042 vel
652 1006 684 1042 si
716 1017 793 1043 non
824 1006 908 1056 ipse
940 1016 1142 1056 rogarem,

190 1061 358 1100 Accedat
389 1062 569 1101 cumulus
601 1064 722 1114 gratia
754 1069 887 1102 nostra
918 1062 1037 1101 levis.

132 1119 216 1157 Non
250 1132 320 1171 ego
352 1120 593 1172 laudandus,
625 1121 693 1159 sed
726 1128 818 1160 sunt
849 1127 914 1160 tua
946 1127 1129 1172 pectora,
1163 1120 1260 1160 lacte
1288 1129 1344 1162 (54)

190 1177 239 1216 Et
270 1190 347 1216 non
380 1178 523 1217 calcata
555 1179 777 1217 candidiora
809 1181 919 1218 nive:

133 1235 363 1286 Mirarisque
397 1237 491 1275 alios
510 1268 520 1288 ,
553 1250 641 1276 cum
674 1239 727 1276 sis
759 1237 947 1276 mirabilis
978 1239 1087 1289 ipse,

68 1302 111 1333 40
191 1294 270 1333 Nec
302 1295 446 1334 lateant
477 1301 580 1334 artes
613 1295 888 1347 eloquiumque
921 1302 1055 1335 tuum.

134 1352 187 1391 Te
220 1354 403 1392 iuvenum
436 1355 648 1405 princeps,
681 1356 744 1392 cui
776 1354 841 1392 dat
873 1354 1078 1392 Germania
1110 1365 1274 1405 nomen,

190 1410 421 1461 Participem
456 1412 573 1450 studii
606 1412 746 1450 Caesar
778 1412 921 1451 habere
955 1412 1075 1450 solet.

133 1468 190 1508 Tu
225 1481 356 1507 comes
388 1471 570 1520 antiquus
593 1500 603 1520 ,
635 1476 677 1508 tu
710 1472 846 1520 primis
878 1471 1036 1508 iunctus
1068 1469 1114 1508 ab
1147 1470 1258 1508 annis

192 1527 349 1578 Ingenio
382 1540 510 1566 mores
543 1530 820 1579 aequiperante
852 1528 1004 1578 places.

68 1593 111 1624 45
131 1585 185 1624 Te
218 1586 370 1624 dicente
403 1588 513 1636 prius
550 1587 593 1625 fit
623 1588 803 1637 protinus
834 1588 1004 1637 impetus
1035 1586 1112 1624 illi:

193 1643 325 1694 Teque
358 1644 503 1696 habet,
536 1644 666 1683 elicias
699 1646 765 1695 qui
798 1657 866 1683 sua
900 1645 1014 1683 verba
1046 1645 1147 1683 tuis.

134 1701 228 1740 Cum
260 1709 303 1740 tu
336 1703 470 1741 desisti
502 1703 755 1754 mortaliaque
788 1715 854 1741 ora
887 1705 1101 1754 quierunt,

191 1760 386 1811 Tectaque
420 1773 496 1799 non
529 1761 641 1812 longa
673 1763 898 1800 conticuere
930 1773 1064 1812 mora,

136 1818 269 1869 Surgit
301 1818 406 1857 luleo
438 1821 589 1858 iuvenis
621 1821 850 1870 cognomine
883 1820 1047 1870 dignus,

69 1884 112 1915 50
191 1876 323 1922 Qualis
356 1877 401 1915 ab
435 1879 515 1916 eois
548 1878 686 1916 lucifer
718 1884 828 1917 ortus
861 1880 994 1929 aquis.

133 1934 310 1986 Dumque
344 1935 462 1974 silens
495 1936 648 1988 adstat,
686 1942 809 1975 status
848 1943 908 1975 est
945 1936 1153 1987 vultusque
1186 1935 1345 1988 diserti,

193 1993 387 2044 Spemque
421 1995 564 2033 decens
596 1995 731 2033 doctae
763 1996 868 2033 vocis
901 1996 1065 2033 amictus
1096 1994 1235 2033 habet.

137 2050 221 2089 Mox
242 2082 252 2102 ,
284 2051 350 2090 ubi
383 2053 492 2103 pulsa
518 2065 625 2091 mora
652 2058 711 2092 est
737 2058 851 2104 atque
885 2065 928 2091 os
955 2052 1120 2091 caeleste
1153 2052 1345 2104 solutum,

194 2109 275 2148 Hoc
307 2122 470 2160 superos
503 2113 609 2150 iures
641 2124 750 2150 more
783 2111 907 2150 solere
940 2111 1069 2162 loqui,

75 2173 118 2206 55
138 2168 262 2217 Atque
296 2165 411 2208 ‘haec
443 2167 522 2209 est'
555 2170 660 2209 dicas
694 2167 892 2209 ‘facundia
925 2171 1101 2220 principe
1134 2169 1287 2221 digna':

192 2225 355 2276 Eloquio
387 2233 536 2267 tantum
568 2228 781 2267 nobilitatis
812 2230 935 2266 inest.

135 2282 234 2322 Huic
266 2290 307 2323 tu
341 2297 428 2324 cum
460 2286 612 2337 placeas
644 2293 681 2325 et
713 2288 857 2325 vertice
891 2287 1016 2325 sidera
1049 2292 1205 2339 tangas,
