1601 2484
165 42 223 84 40
715 46 939 78 TRISTIUM

219 160 262 191 70
283 151 387 191 Haec
414 164 569 203 quoque
602 158 713 190 erant
744 152 908 202 pedibus
940 166 1017 192 non
1050 154 1225 194 adeunda
1257 157 1379 195 meis.

282 210 362 248 Nec
393 222 454 248 me
474 240 484 259 ,
518 222 614 260 quae
647 210 772 249 doctis
803 217 1015 262 patuerunt
1045 214 1170 263 prima
1202 213 1364 265 libellis,

281 269 388 306 Atria
418 267 595 306 Libertas
627 274 786 318 tangere
818 281 930 319 passa
961 282 1031 308 sua
1063 277 1144 309 est.

281 325 324 363 In
358 337 480 375 genus
513 327 684 364 auctoris
717 328 851 365 miseri
883 328 1038 366 fortuna
1070 329 1284 379 redundat,

280 383 330 421 Et
361 385 531 433 patimur
563 385 673 434 nati,
705 397 821 434 quam
852 385 942 424 tulit.
973 387 1082 437 ipse,
1113 387 1266 437 fugam.

218 450 260 480 75
281 440 460 479 Forsitan
495 447 533 479 et
563 441 675 480 nobis
708 442 799 480 olim
830 444 959 481 minus
991 456 1105 494 asper
1137 450 1175 483 et
1206 444 1262 482 illi

279 498 440 538 Evictus
471 499 584 549 longo
616 505 792 550 tempore
825 500 965 540 Caesar
997 504 1097 540 erit.

279 556 356 609 Di,
386 569 556 610 precor,
593 563 709 609 atque
742 559 836 597 adeo
865 580 918 586 —
951 571 1079 610 neque
1119 562 1223 599 enim
1255 560 1350 600 mihi
1381 560 1494 600 turba

812 617 983 667 roganda
1015 623 1075 656 est
1104 640 1151 645 —

280 673 450 725 Caesar,
483 674 574 712 ades
606 680 725 727 voto,
757 677 922 714 maxime
955 675 1070 727 dive,
1102 676 1214 715 meo!

279 731 432 770 Interea
451 764 461 784 ,
495 734 677 782 quoniam
710 735 824 772 statio
855 733 952 772 mihi
987 733 1143 784 publica
1175 734 1305 773 clausa
1336 742 1419 787 est,

216 797 259 829 80
279 789 434 828 Privato
467 790 580 829 liceat
612 791 812 830 delituisse
846 791 950 830 Ioco!

279 847 354 886 Vos
387 861 542 899 quoque
563 880 573 900 ,
605 851 638 887 si
669 850 725 887 fas
758 856 845 901 est,
878 850 1038 888 confusa
1069 850 1218 901 pudore
1251 851 1429 903 repulsae

280 905 430 946 Sumite
461 906 635 957 plebeiae
668 910 837 946 carmina
869 914 1002 946 nostra
1034 909 1191 947 manus!

796 1036 855 1082 ΙΙ.

278 1138 381 1189 Ergo
414 1145 497 1178 erat
527 1141 566 1178 in
599 1140 687 1178 satis
721 1140 915 1191 Scythiam
948 1153 1104 1192 quoque
1137 1142 1263 1180 visere
1295 1142 1465 1192 nostris,

279 1197 464 1248 Quaeque
497 1197 688 1248 Lycaonio
721 1205 825 1237 terra
858 1198 930 1236 sub
963 1211 1032 1237 axe
1065 1197 1198 1238 iacet?

278 1255 357 1293 Nec
391 1268 457 1293 vos
481 1286 492 1303 ‚
525 1255 729 1307 Pierides,
761 1268 833 1294 nec
865 1259 984 1307 stirps
1016 1257 1179 1310 Letoia,
1210 1263 1341 1296 vestro

277 1313 397 1351 Docta
430 1314 624 1352 sacerdoti
655 1314 768 1353 turba
800 1314 944 1353 tulistis
977 1327 1113 1366 opem.

237 1379 256 1410 5
278 1371 356 1410 Nec
389 1372 514 1423 mihi,
547 1373 650 1423 quod
683 1373 758 1411 lusi
790 1385 882 1410 vero
915 1374 998 1411 sine
1031 1375 1225 1425 crimine,
1256 1373 1439 1426 prodest,

280 1429 469 1480 Quodque
502 1432 623 1481 magis
657 1433 731 1469 vita
764 1430 872 1469 Musa
904 1433 1028 1470 iocata
1059 1444 1145 1470 mea
1177 1437 1260 1483 est,

276 1487 448 1526 Plurima
480 1488 547 1526 sed
581 1489 715 1539 pelago
748 1494 929 1539 terraque
960 1490 1135 1540 pericula
1167 1502 1323 1540 passum

276 1545 396 1584 Ustus
427 1546 473 1584 ab
507 1547 662 1585 assiduo
694 1547 838 1598 frigore
870 1547 1018 1586 Pontus
1050 1547 1189 1587 habet.

278 1604 431 1654 Quique
464 1605 580 1654 fugax
612 1617 743 1643 rerum
776 1617 991 1656 securaque
1025 1607 1065 1644 in
1098 1608 1176 1645 otia
1207 1611 1346 1658 natus,

216 1670 256 1701 10
276 1662 402 1700 Mollis
436 1669 473 1701 et
505 1664 698 1713 inpatiens
731 1669 818 1702 ante
852 1663 996 1702 laboris
1028 1676 1158 1716 eram,

276 1720 417 1759 Ultima
448 1733 553 1759 nunc
584 1723 740 1772 patior,
781 1734 852 1760 nec
884 1734 945 1760 me
979 1734 1084 1761 mare
1122 1722 1314 1774 portubus
1353 1722 1492 1761 orbum

275 1778 447 1817 Perdere
467 1811 477 1831 ,
509 1779 684 1818 diversae
717 1792 789 1818 nec
821 1786 984 1830 potuere
1017 1782 1124 1832 viae,

278 1837 517 1888 Suffecitque
551 1838 660 1876 malis
692 1840 873 1877 animus.
923 1851 1012 1876 nam
1045 1851 1187 1890 corpus
1219 1839 1265 1877 ab
1297 1837 1362 1877 illo

276 1896 437 1947 Accepit
469 1897 571 1934 vires
603 1898 742 1947 vixque
775 1897 934 1935 serenda
967 1897 1079 1936 tulit.

215 1961 256 1992 15
277 1953 376 1992 Dum
409 1961 537 1992 tamen
570 1960 608 1993 et
639 1956 756 1993 terris
788 1955 930 1993 dubius
962 1955 1133 1994 iactabar
1165 1961 1205 1994 et
1236 1956 1374 2007 undis,

276 2012 448 2051 Fallebat
479 2025 593 2051 curas
625 2025 816 2064 aegraque
850 2013 965 2052 eorda
997 2013 1129 2052 labor:

277 2070 327 2109 Ut
359 2072 418 2109 via
450 2071 558 2110 finita
591 2077 650 2109 est
681 2078 719 2110 et
751 2084 848 2122 opus
880 2073 1072 2122 requievit
1104 2071 1245 2124 eundi,

277 2128 327 2167 Et
357 2141 505 2180 poenae
538 2129 653 2168 tellus
685 2135 744 2168 est
775 2129 871 2168 mihi
902 2135 1003 2169 tacta
1036 2142 1166 2182 meae,

276 2186 337 2225 Nil
369 2189 446 2226 nisi
476 2188 571 2227 ssere
603 2188 725 2240 libet,
757 2201 828 2227 nec
860 2194 994 2226 nostro
1026 2190 1180 2239 parcior
1211 2188 1336 2227 imber

213 2253 256 2284 20
278 2245 440 2284 Lumine
462 2278 471 2295 ‚
503 2247 550 2285 de
583 2259 699 2285 verna
732 2259 847 2297 quam
878 2248 965 2285 nive
997 2253 1126 2286 manat
1158 2259 1278 2298 aqua.
