1601 2484
196 47 251 88 28
745 52 971 85 TRISTmM

225 164 292 195 210
314 156 438 202 Quem
470 158 589 195 nimio
622 158 709 208 plus
742 163 802 196 est
831 157 1044 197 indoluisse
1077 159 1218 197 semel.

313 216 444 253 Altera
475 227 566 266 pars
599 221 808 267 superest,
844 228 917 266 qua
949 218 1055 267 turpi
1087 218 1257 255 carmine
1289 217 1414 256 factus

313 274 467 323 Arguor
499 273 658 311 obsceni
691 273 826 311 doctor
858 273 1061 312 adulterii.

314 330 387 368 Fas
421 342 513 381 ergo
547 337 635 382 est,
668 330 795 381 aliqua
827 331 1005 370 caelestia
1036 337 1195 383 pectora
1226 331 1327 383 salli,

314 388 363 426 Et
395 395 486 427 sunt
517 390 653 427 notitia
684 389 803 427 multa
836 391 984 428 minora
1016 388 1114 428 tua?

228 455 294 485 215
315 445 441 496 thue
475 446 567 484 deos
600 447 827 497 caelumque
860 448 972 486 simul
1007 448 1170 486 sublime
1203 449 1329 486 tuenti

315 504 401 542 Non
433 510 542 542 vacat
573 506 724 555 exiguis
756 505 875 544 rebus
907 506 1043 544 adesse
1076 505 1178 558 Iovi,

314 562 369 601 De
401 569 439 601 te
471 562 707 613 pendentem
739 565 795 601 sic
827 563 919 602 dum
952 565 1221 614 circumspicis
1253 563 1412 615 orbem,

315 619 518 671 Effugiunt
550 633 663 659 curas
695 622 880 659 inferiora
912 619 1033 660 tuas‘?

318 679 476 717 Scilicet
507 681 661 729 imperii
694 681 876 729 princeps
910 680 1075 718 statione
1107 679 1243 718 relicta

228 736 532 788 2201mparibus
563 737 713 787 legeres
746 740 917 775 carmina
948 738 1047 776 facta
1079 735 1236 775 modis?

313 794 399 833 Non
431 807 474 833 ea
507 802 544 833 te
578 795 698 833 moles
731 795 892 834 Romani
924 796 1092 834 nominis
1125 801 1289 848 urguet,

314 853 436 903 Inque
470 854 547 891 tuis
581 855 727 892 umeris
759 860 835 892 tam
867 854 950 892 leve
983 854 1109 892 fertur
1141 866 1265 906 onus,

314 911 483 949 Lusibus
516 917 560 950 ut
590 913 716 962 possis
749 912 951 951 advertere
984 923 1128 950 numen
1159 913 1326 963 ineptis,

314 969 576 1020 Excutiasque
609 969 731 1008 oculis
763 972 839 1008 otia
872 976 1004 1008 nostra
1036 971 1136 1008 tuis.

227 1035 292 1066 225
314 1027 425 1065 Nunc
459 1027 528 1066 tibi
560 1027 756 1066 Pannonia
790 1034 877 1078 est,
915 1040 1019 1067 nunc
1051 1028 1176 1079 Illyris
1217 1040 1284 1067 ora
1316 1028 1529 1081 domanda,

316 1086 472 1123 Raetica
505 1098 609 1124 nuuc
641 1086 829 1136 praebent
861 1086 1103 1136 Thraciaque
1136 1098 1240 1124 arma
1273 1092 1443 1139 metum3

315 1143 427 1182 Nunc
459 1145 557 1193 petit
587 1144 795 1182 Armenius
827 1157 988 1196 pacem,
1025 1156 1128 1182 nunc
1160 1146 1325 1195 porrigit
1357 1158 1470 1184 arcus

314 1201 482 1240 Parthus
516 1214 636 1252 eques
668 1202 801 1240 timida
835 1209 1022 1252 captaque
1056 1204 1164 1252 signa
1195 1215 1336 1255 manu3

315 1259 426 1297 Nunc
461 1265 497 1298 te
529 1260 637 1310 prole
671 1266 735 1298 tua
768 1262 949 1299 iuvenem
981 1260 1186 1299 Germania
1219 1262 1360 1313 sentit,

228 1327 293 1357 230
315 1317 497 1368 Bellaque
530 1330 600 1368 pro
635 1330 772 1369 magno
805 1318 968 1357 Caesare
1002 1318 1142 1357 Caesar
1173 1318 1277 1370 obit;

315 1376 519 1427 Denique,
552 1383 596 1415 ut
620 1378 659 1415 in
686 1383 817 1428 tanto,
851 1382 1038 1428 quantum
1065 1389 1142 1415 non
1170 1379 1297 1416 extitit
1323 1389 1529 1430 umquam,

314 1434 487 1484 Corpore
507 1465 517 1485 ,
549 1447 639 1485 pars
672 1434 775 1473 nulla
807 1441 896 1486 est,
929 1447 1026 1486 quae
1058 1434 1190 1486 labet,
1221 1436 1398 1486 imperii.

313 1492 415 1530 Urbs
448 1504 603 1542 quoque
636 1499 673 1531 te
707 1499 746 1531 et
776 1493 906 1543 legum
937 1493 1055 1531 lassat
1085 1492 1206 1531 tutela
1238 1499 1392 1533 tuarum

314 1550 363 1588 Et
395 1562 547 1588 morum
567 1550 745 1601 „similis
778 1563 875 1601 quos
908 1553 1018 1602 cupis
1051 1563 1136 1589 esse
1168 1553 1271 1603 tuis,

226 1617 292 1648 235
313 1608 392 1646 Nec
425 1608 496 1647 tibi
528 1610 788 1661 contingunt,
822 1621 919 1660 quae
951 1609 1132 1660 gentibus
1164 1611 1240 1648 otia
1272 1616 1470 1662 praestas,

314 1666 497 1717 Bellaque
530 1679 618 1705 cum
651 1667 782 1705 multis
814 1669 1032 1718 inrequieta
1064 1669 1190 1718 geris.

313 1725 432 1763 Mirer
464 1727 504 1763 in
536 1725 609 1763 hoc
640 1727 760 1776 igitur
792 1732 988 1764 tantarum
1020 1725 1193 1776 pondere
1225 1738 1359 1765 rerum

314 1783 368 1821 Te
402 1795 613 1834 numquam
645 1790 800 1822 nostros
832 1784 1024 1823 evoluisse
1055 1782 1196 1822 iocos?

316 1842 364 1880 At
396 1844 457 1893 si,
491 1842 594 1892 quod
627 1841 807 1893 mallem,
839 1854 1003 1881 vacuum
1035 1842 1105 1881 tihi
1137 1843 1237 1881 sorte
1270 1842 1431 1892 fuisset,

226 1908 292 1939 240
314 1899 471 1938 Nullum
504 1900 664 1951 legisses
697 1902 845 1939 crimen
876 1903 916 1939 in
948 1903 1040 1940 Arte
1074 1913 1182 1939 mea.

314 1957 380 1996 Illa
413 1958 570 2009 quidem
602 1959 725 1997 fateor
758 1959 896 1997 frontis
928 1971 1006 1998 non
1039 1971 1125 1997 esse
1161 1970 1318 1997 severae

316 2017 468 2068 Scripta
488 2048 498 2068 ,
531 2029 602 2056 nec
634 2029 654 2055 a
686 2023 792 2056 tanto
824 2019 1000 2068 principe
1033 2017 1147 2067 digna
1178 2016 1277 2067 legi:

314 2074 401 2113 Non
434 2081 562 2113 tamen
595 2075 740 2114 idcirco
772 2075 901 2126 legum
935 2077 1127 2114 contraria
1160 2076 1278 2113 iussis

315 2134 415 2172 Sunt
447 2146 491 2172 ea
523 2133 714 2172 Romanas
747 2134 1009 2184 erudiuntque
1041 2146 1188 2172 nurus.

228 2200 295 2230 245
316 2192 419 2230 Neve
440 2224 450 2243 ,
484 2192 626 2242 quibus
659 2192 855 2244 scribam,
887 2193 1014 2243 possis
1047 2191 1225 2230 dubitare
1245 2223 1255 2242 ,
1286 2190 1460 2242 libellos,

316 2250 508 2296 Quattuor
540 2250 611 2289 hos
643 2263 779 2289 versus
813 2263 831 2289 e
864 2250 990 2289 tribus
1023 2262 1124 2289 unus
1156 2249 1295 2288 habet:
