1575 2489
582 69 646 101 111.
672 70 866 101 406—475.
1304 65 1387 106 271

176 176 352 216 Fulmina
384 182 473 227 post
505 188 619 215 ausos
652 175 800 214 caelum
833 175 1027 214 adfectare
1060 175 1243 226 Gigantes
1333 183 1390 213 (93)

85 243 153 274 440
235 234 396 285 Sumpta
428 234 535 272 lovi.
591 236 716 285 primo
749 241 924 285 tempore
956 235 1117 272 inermis
1150 239 1255 272 erat.

176 291 353 344 [Ignibus
387 291 483 330 Ossa
515 294 624 331 novis
658 298 696 331 et
726 291 859 330 Pelion
891 291 1005 330 altius
1039 291 1134 330 Ossa

230 352 338 389 Arsit
369 355 408 389 et
439 352 479 388 in
512 350 632 389 solida
664 351 763 389 fixus
795 349 981 401 Olympus
1014 349 1130 388 humo
1148 349 1175 399 .]

173 408 257 447 Stat
289 420 444 459 quoque
477 420 591 459 capra
618 408 757 447 simul.
808 408 997 459 nymphae
1023 409 1173 458 pavisse
1207 407 1391 446 seruntur

231 466 406 505 Cretides
425 498 435 518 ‚
466 467 605 505 infanti
636 466 693 505 lac
726 466 833 505 dedit
865 466 926 505 illa
958 465 1058 505 Iovi.

84 533 150 564 445
172 525 283 564 Nunc
316 537 432 563 vocor
465 525 510 562 ad
543 537 712 563 nomen.
769 524 977 575 vegrandia
1009 525 1110 562 sarra
1143 523 1301 562 colonae

231 583 337 628 Quae
369 582 466 621 maie
500 589 737 634 creverunt,
772 595 959 634 vescaque
992 594 1108 633 parva
1139 587 1300 621 vocant.

173 641 236 679 Vis
269 653 312 679 ea
344 643 377 679 si
408 640 517 679 verbi
550 647 636 692 est,
669 653 739 680 cur
770 653 848 679 non
881 653 951 691 ego
984 640 1162 679 Vediovis
1195 640 1329 678 aedem

230 699 375 738 Aedem
407 712 484 738 non
517 701 645 750 magni
677 701 854 750 suspicer
886 711 971 738 esse
1003 696 1137 738 Iovis‘?

172 757 330 808 lamque
362 757 429 796 ubi
461 758 684 796 caeruleum
717 757 920 796 variabunt
952 757 1080 796 sidera
1112 756 1285 808 caelum,

85 824 152 855 450
233 815 422 866 Suspice:
468 815 662 867 Gorgonei
694 815 789 854 colla
822 815 969 853 videbis
1002 816 1117 865 equi.

173 873 354 913 Creditur
386 874 449 912 hic
483 886 591 912 caesa
623 873 802 924 gravidae
835 875 986 912 cervice
1019 872 1200 911 Medusae

234 931 428 983 Sanguine
461 933 653 983 respersis
686 930 914 982 prosiluisse
946 931 1071 970 iubis.

174 989 273 1029 Huic
306 1002 424 1041 supra
456 990 580 1029 nubes
613 996 652 1029 et
684 989 818 1028 subter
851 989 978 1028 sidera
1010 989 1116 1040 lapso

232 1048 388 1087 Caelum
420 1060 491 1099 pro
524 1054 627 1088 terra
646 1079 656 1099 ‚
688 1060 759 1099 pro
792 1048 890 1098 pede
922 1049 1039 1099 pinna
1071 1048 1167 1098 suit,

85 1114 150 1146 455
174 1106 332 1158 lamque
364 1107 580 1157 indignanti
610 1118 707 1145 nova
740 1106 848 1144 frena
881 1112 1084 1156 receperat
1115 1118 1207 1157 ore,

232 1165 329 1204 Cum
360 1164 454 1203 levis
487 1165 628 1203 Aonias
660 1164 803 1215 ungula
836 1164 933 1203 fodit
964 1176 1105 1215 aquas.

173 1223 284 1262 Nunc
318 1224 461 1262 fruitur
493 1222 628 1274 caelo,
661 1222 764 1273 quod
796 1224 925 1274 pinnis
957 1228 1045 1261 ante
1077 1221 1257 1274 petebat,

230 1281 279 1320 Et
311 1281 457 1320 nitidus
491 1281 611 1320 stellis
644 1282 816 1332 quinque
849 1281 1062 1331 decemque
1095 1282 1233 1319 micat.

171 1340 357 1378 Protinus
389 1341 554 1390 aspicies
587 1341 757 1378 venienti
789 1345 902 1378 nocte
936 1339 1126 1378 Coronam

84 1406 152 1438 460
231 1398 428 1437 Gnosida.
484 1398 635 1437 Theseo
669 1399 831 1436 crimine
864 1397 963 1436 sacta
996 1398 1065 1436 dea
1098 1403 1179 1436 est.

172 1456 250 1496 Iam
282 1456 381 1495 bene
413 1458 571 1507 periuro
604 1462 772 1494 mutarat
803 1457 967 1507 coniuge
1000 1455 1217 1507 Bacchum,
1329 1464 1390 1497 (94)

231 1514 337 1561 Quae
369 1514 476 1553 dedit
506 1516 657 1565 ingrato
691 1514 751 1552 fila
782 1514 944 1564 legenda
976 1515 1081 1552 viro.

173 1573 285 1612 Sorte
318 1575 393 1612 tori
425 1572 598 1624 gaudens
630 1569 745 1623 ‘quid
776 1572 916 1611 flebam
948 1569 1148 1611 rusticaP'
1183 1572 1279 1611 dixit

231 1628 406 1670 ‘Utiliter
438 1631 550 1670 nobis
581 1631 753 1682 perfidus
784 1630 847 1669 ille
880 1628 996 1669 suit.'

84 1697 151 1729 465
172 1689 324 1729 Interea
356 1689 473 1729 Liber
505 1689 674 1741 depexos
706 1688 881 1728 crinibus
914 1689 1028 1727 Indos

232 1747 359 1799 Vicit,
391 1755 430 1786 et
461 1759 531 1787 eoo
564 1748 670 1787 dives
702 1747 748 1786 ab
781 1747 873 1786 orbe
907 1748 1030 1786 redit.

172 1807 279 1846 lnter
311 1809 478 1857 captivas
512 1806 608 1844 facie
640 1812 860 1857 praestante
892 1806 1040 1856 puellas

231 1864 345 1904 Grata
378 1866 493 1903 nimis
524 1863 675 1903 Baccho
708 1864 784 1902 filia
816 1866 919 1914 regis
952 1869 1057 1902 erat.

171 1923 305 1962 Flebat
336 1935 467 1962 amans
500 1924 697 1961 coniunx.
753 1923 992 1973 spatiataque
1025 1921 1137 1960 litore
1171 1933 1290 1960 curvo

84 1989 151 2021 470
230 1981 361 2021 Edidit
391 1981 549 2020 incultis
582 1981 669 2019 talia
701 1980 817 2019 verba
849 1982 993 2019 comis:

172 2037 252 2078 ‘En
284 2042 425 2079 iterum
445 2071 455 2091 ‚
488 2040 630 2078 fluctus
650 2070 660 2090 ,
692 2039 828 2078 similis
861 2038 990 2077 audite
1024 2037 1238 2090 querellas!

228 2098 287 2137 En
319 2100 462 2138 iterum
494 2098 672 2137 lacrimas
703 2099 834 2148 accipe
853 2128 864 2149 ‚
895 2097 1068 2149 harena,
1101 2096 1227 2135 meas!

170 2156 352 2195 Dicebam
372 2187 383 2204 ,
414 2158 603 2208 memini,
636 2153 830 2207 “periure
863 2162 901 2194 et
932 2155 1079 2207 perfide
1111 2155 1267 2194 Theseu

229 2214 295 2254 1116
327 2214 449 2267 abiit,
481 2215 614 2253 eadem
647 2216 809 2253 crimina
840 2213 1015 2252 Bacchus
1048 2213 1185 2253 habet.

84 2280 149 2312 475
171 2272 282 2312 Nunc
310 2285 464 2325 quoque
485 2269 626 2312 “nulla
652 2269 772 2311 viro⁵²
796 2271 967 2311 clamabo
989 2269 1168 2311 “semina
1198 2268 1386 2311 credat!''

1283 2152 1332 2183 τ’,
