1575 2489
188 98 273 140 240
723 99 974 131 FASTORL‘M

361 206 558 245 Turbidus
589 205 762 243 hibernis
794 204 857 243 ille
888 204 1032 244 fluebat
1062 207 1171 256 aquis
1201 228 1248 234 -

305 264 436 302 Castra
464 263 552 301 loco
584 268 758 314 ponunt:
803 262 998 301 destrictis
1030 263 1188 302 ensibus
1220 265 1294 314 ipsi

362 321 607 371 Tyrrhenum
639 319 760 358 valido
792 319 913 358 Marte
944 332 1014 371 per
1045 333 1181 372 agmen
1213 327 1330 372 eunt3

305 378 389 416 Non
420 378 561 430 aliter,
596 389 711 428 quam
743 389 832 416 cum
864 376 1003 428 Libyca
1035 378 1082 417 de
1113 391 1211 429 rupe
1242 378 1373 417 leones

217 444 283 474 210
362 435 551 474 Invadunt
582 447 738 486 sparsos
770 435 844 473 lata
875 447 946 485 per
977 448 1066 474 arva
1097 448 1256 486 greges.

304 493 517 543 Diffugiunt
547 493 680 532 hostes
699 524 709 543 ,
740 492 1020 544 inhonestaque
1052 493 1206 532 volnera
1238 500 1347 544 tergo

361 552 594 601 Accipiunt:
638 550 765 589 Tusco
799 552 984 601 sanguine
1016 557 1120 590 terra
1151 551 1287 590 rubet.

305 608 367 646 Sic
399 610 541 647 iterum
561 640 571 660 ‚
603 610 658 647 510
691 620 804 658 saepe
837 608 979 647 cadunt
999 638 1007 647 .
1062 609 1130 647 ubi
1160 611 1315 647 vincere
1348 616 1479 659 aperte

361 666 447 704 Non
479 666 592 705 datur
610 697 621 718 ,
651 665 810 704 insidias
842 677 1024 716 armaque
1055 671 1157 704 tecta
1187 672 1345 716 parant.

219 731 285 762 215
306 724 472 774 Campus
505 730 615 775 erat,
648 725 772 774 campi
804 723 1034 762 claudebant
1064 723 1198 762 ultima
1229 724 1346 762 colles

363 782 540 832 Silvaque
575 788 773 820 montanas
805 781 984 820 occulere
1016 787 1103 832 apta
1134 782 1258 821 feras,

304 839 345 877 In
378 840 503 878 medio
536 851 680 889 paucos
712 845 961 889 armentaque
994 851 1081 877 rara
1110 839 1358 889 relinquunt,

363 897 500 936 Cetera
531 897 706 947 virgultis
739 896 867 935 abdita
898 896 1011 935 turba
1041 897 1156 936 latet.

305 954 406 993 Ecce
439 954 545 993 velut
575 960 730 993 torrens
761 954 876 992 undis
907 954 1137 1005 pluvialibus
1168 960 1304 993 auctus

218 1020 285 1050 220
363 1014 439 1052 Aut
469 1014 555 1051 nive
575 1044 586 1065 ,
618 1024 715 1063 quae
747 1012 913 1062 zephyro
945 1014 1043 1050 victa
1075 1018 1230 1062 tepente
1262 1012 1370 1063 ssuit,

304 1069 378 1108 Per
410 1076 490 1108 sata
520 1082 668 1121 perque
700 1071 779 1107 vias
812 1070 935 1108 fertur
954 1100 964 1120 ,
997 1082 1096 1121 nec,
1128 1076 1171 1108 ut
1202 1075 1290 1108 ante
1323 1069 1491 1121 solebat,

364 1128 549 1178 Riparum
581 1128 730 1166 clausas
761 1128 933 1176 margine
965 1127 1049 1165 finit
1080 1139 1220 1177 aquas:

307 1185 369 1223 Sic
402 1184 511 1223 Fabii
541 1185 676 1223 vallem
706 1184 793 1222 latis
825 1184 1066 1223 discursibus
1097 1184 1280 1236 implent,

364 1243 553 1293 Quodque
580 1242 738 1293 vident,
764 1248 969 1280 sternunt:
1019 1254 1090 1280 nec
1117 1248 1242 1280 metus
1269 1242 1365 1281 alter
1390 1244 1509 1281 inest.

220 1308 285 1339 225
313 1300 397 1346 Quo
429 1302 543 1339 ruitis
562 1332 572 1352 ‚
604 1311 792 1350 generosa
823 1299 961 1338 domus
981 1297 1002 1338 ?
1045 1299 1141 1338 male
1174 1300 1332 1338 creditis
1364 1300 1486 1339 hosti.

365 1358 535 1409 Simplex
567 1358 746 1396 nobilitas
765 1389 775 1409 ‚
806 1357 954 1408 perfida
984 1357 1058 1396 tela
1089 1357 1202 1396 cave!

305 1416 455 1454 Fraude
487 1418 590 1467 perit
620 1417 772 1454 virtus.
827 1417 867 1453 in
898 1420 1052 1466 apertos
1085 1416 1255 1466 undique
1288 1428 1442 1468 campos

362 1474 575 1512 Prosiliunt
606 1474 738 1511 hostes
771 1479 809 1511 et
839 1473 938 1512 latus
971 1485 1083 1511 omne
1115 1479 1270 1512 tenent.

306 1531 406 1576 Quid
439 1533 579 1570 saciant
609 1533 723 1582 pauci
755 1536 889 1569 contra
919 1535 976 1569 tot
1006 1530 1110 1568 milia
1141 1529 1295 1569 fortes?

218 1597 284 1628 230
363 1588 510 1633 Quidve
530 1620 540 1637 ,
573 1588 676 1639 quod
707 1590 747 1626 in
779 1590 920 1626 misero
952 1594 1126 1638 tempore
1158 1594 1308 1640 restet,
1340 1587 1480 1628 adest?

307 1647 416 1685 Sicut
447 1659 539 1697 aper
570 1647 681 1696 longe
715 1646 819 1684 silvis
851 1646 1110 1684 Laurentibus
1142 1651 1250 1685 actus

363 1704 564 1742 Fulmineo
597 1704 743 1743 celeres
775 1704 935 1754 dissipat
966 1716 1033 1742 ore
1065 1716 1202 1755 canes,
1568 1702 1572 1749 ἷ

306 1762 393 1800 Mox
424 1768 553 1800 tamen
584 1764 668 1812 ipse
699 1763 829 1813 perit,
861 1763 916 1800 sic
948 1774 1025 1799 non
1057 1763 1277 1800 moriuntur
1308 1762 1443 1809 inulti,

362 1819 603 1870 Volneraque
636 1819 782 1858 alterna
815 1820 982 1870 dantque
1014 1820 1222 1870 feruntque
1255 1832 1391 1858 manu.
1480 1828 1492 1835 ··
1565 1819 1569 1867 ⁵¹

217 1885 284 1917 235
305 1878 387 1917 Una
419 1878 501 1916 dies
533 1877 672 1916 Fabios
704 1877 750 1915 ad
781 1877 923 1916 bellum
955 1878 1113 1916 miserat
1143 1889 1299 1930 omues,

362 1936 419 1974 Ad
451 1936 595 1974 bellum
626 1937 765 1974 missos
796 1935 965 1986 perdidit
995 1947 1071 1973 una
1102 1935 1206 1974 dies.

304 1993 353 2032 Ut
384 2000 511 2033 tamen
543 1993 757 2032 Herculeae
790 1999 1040 2044 superessent
1071 1995 1217 2031 semina
1248 1995 1398 2045 gentis,

363 2051 554 2090 Credibile
587 2057 646 2090 est
676 2053 780 2101 ipsos
813 2051 1053 2090 consuluisse
1085 2051 1200 2089 deos.

304 2109 399 2147 Nam
430 2121 528 2160 puer
559 2109 735 2160 impubes
767 2114 806 2147 et
836 2109 960 2148 adhuc
992 2121 1068 2147 non
1101 2109 1205 2147 utilis
1237 2110 1354 2147 armis

219 2174 284 2205 240
362 2167 470 2206 Unus
503 2168 548 2206 de
581 2167 696 2205 Fabia
727 2173 841 2218 gente
873 2166 1031 2205 relictus
1064 2173 1171 2205 erat:

307 2224 462 2264 Scilicet
493 2232 536 2264 ut
565 2237 700 2276 posses
732 2225 822 2263 olim
853 2231 924 2275 tu,
956 2224 1117 2263 Maxime
1137 2257 1147 2276 ⁷
1179 2226 1303 2276 nasci,

364 2283 434 2321 Cui
466 2295 529 2321 res
561 2283 777 2322 cunctando
809 2283 1048 2322 restituenda
1080 2284 1202 2321 foret.
