1575 2489
109 68 194 110 282
648 71 901 103 FASTORUM

285 179 343 217 Sit
374 179 510 229 prior,
542 179 639 216 irata
671 177 822 216 Pallade
855 190 1015 216 mancus
1048 180 1143 217 erit.

227 235 300 276 Vos
333 248 488 286 quoque
507 267 517 286 ‚
549 235 728 274 Phoebea
758 235 916 274 morbos
949 238 1015 286 qui
1046 236 1188 286 pellitis
1220 242 1324 284 arte,

283 295 443 332 Munera
476 293 523 331 de
555 295 695 331 vestris
727 306 850 344 pauca
881 294 1024 332 referte
1057 295 1173 334 deae.

225 351 304 390 Nec
336 364 431 403 vos,
463 350 578 390 turha
609 351 725 389 Phari
757 364 876 390 censu
909 352 1082 391 fraudata
1102 384 1112 404 ⁷
1144 354 1340 404 magistri,

138 418 206 449 830
286 410 495 461 Spernite3
528 409 739 460 discipulos
772 409 930 448 attrahit
960 410 1022 448 illa
1054 423 1197 449 novos:

226 468 377 518 Quique
410 479 540 506 moves
573 468 720 506 caelum
739 499 750 519 ‚
786 467 1032 519 tabulamque
1065 469 1260 507 coloribus
1292 470 1398 519 uris,

284 526 436 576 Quique
469 526 564 564 facis
595 526 707 564 docta
740 526 865 565 mollia
897 538 986 565 saxa
1017 539 1155 565 manu.

223 584 325 622 Mille
358 584 428 622 dea
460 589 520 622 est
552 596 743 634 operum:
788 590 893 623 certe
931 585 1001 623 dea
1040 586 1222 624 carminis
1260 585 1323 624 illa
1355 590 1435 624 est.

286 642 326 680 Si
358 654 539 693 mereor,
573 642 713 681 studiis
745 643 845 681 adsit
876 643 997 681 amica
1027 644 1148 681 meis.

139 708 205 738 835
227 700 378 739 Caelius
412 712 458 739 ex
491 700 566 739 alto
600 713 674 751 qua
705 712 816 739 mons
849 700 1051 739 descendit
1081 702 1122 739 in
1154 713 1343 752 aequum,

285 758 384 810 Hic,
417 758 484 796 ubi
516 771 593 796 non
626 759 737 809 plana
770 764 858 810 est,
891 758 957 797 sed
991 771 1111 809 prope
1144 759 1255 809 plana
1286 761 1366 811 via,

224 816 346 855 Parva
378 817 468 855 licet
499 817 628 854 videas
661 817 801 867 Captae
835 816 995 855 delubra
1026 817 1244 869 Minervae,

285 875 391 920 Quae
424 875 494 913 dea
526 875 643 913 natali
675 877 803 926 coepit
834 875 977 913 habere
1010 888 1104 914 suo.

225 933 400 971 Nominis
432 934 471 971 in
504 932 622 971 dubio
656 945 771 971 causa
803 939 891 972 est.
949 933 1111 984 capitale
1144 946 1324 973 vocamus

137 998 204 1029 840
283 991 486 1041 Ingenium
518 991 684 1030 sollers:
727 993 927 1042 ingeniosa
959 991 1029 1030 dea
1061 997 1142 1030 est.

224 1050 281 1087 An
315 1051 404 1099 quia
436 1049 482 1087 de
514 1051 651 1099 capitis
683 1049 808 1088 fertur
840 1051 923 1087 sine
955 1057 1077 1088 matre
1110 1052 1262 1100 paterni

283 1106 436 1145 Vertice
469 1119 557 1145 cum
590 1107 713 1157 clipeo
746 1107 973 1158 prosiluisse
1006 1106 1110 1146 suo‘?

223 1165 280 1203 An
315 1167 402 1215 quia
434 1165 664 1215 perdomitis
697 1165 743 1203 ad
776 1177 846 1203 nos
879 1167 1027 1215 captiva
1059 1165 1219 1204 Faliscis

284 1220 435 1261 Venit?
479 1228 518 1261 et
549 1223 622 1261 hoc
653 1225 782 1273 ipsum
815 1223 942 1262 littera
975 1225 1102 1274 prisea
1135 1224 1270 1263 docet.

136 1289 203 1320 845
225 1282 281 1319 An
316 1281 419 1331 quod
451 1281 567 1319 hahet
598 1280 752 1333 legem,
793 1283 928 1332 capitis
961 1294 1059 1332 quae
1091 1283 1261 1332 pendere
1293 1295 1436 1334 poenas

281 1339 337 1377 Ex
368 1339 432 1377 illo
467 1339 598 1377 iubeat
630 1341 733 1378 furta
764 1345 920 1390 reperta
951 1338 1071 1379 loco?

223 1398 252 1436 A
286 1410 531 1448 quacumque
564 1398 684 1436 trahis
717 1399 866 1437 ratione
898 1398 1113 1450 vocabula,
1146 1398 1290 1449 Pallas,

282 1456 356 1494 Pro
389 1456 555 1495 ducibus
588 1458 733 1494 nostris
765 1456 898 1506 aegida
931 1469 1085 1508 semper
1116 1457 1237 1496 habel

550 1547 617 1588 23.
649 1546 685 1587 Β
711 1545 999 1588 TVBIL-w

224 1629 381 1668 Summa
414 1629 496 1668 dies
529 1642 549 1668 e
582 1631 754 1681 quinque
786 1630 899 1669 tubas
931 1631 1098 1670 lustrare
1130 1644 1291 1670 canoras

137 1695 204 1727 850
284 1688 474 1726 Admonet
507 1694 544 1726 et
577 1688 667 1726 forti
700 1689 917 1727 sacrificare
950 1689 1066 1728 deae.

225 1746 336 1784 Nunc
369 1752 478 1796 potes
511 1747 557 1784 ad
591 1746 711 1784 solem
743 1746 894 1785 sublato
928 1747 1058 1786 dicere
1090 1747 1198 1786 voltu

282 1801 375 1842 ‘Hic
407 1804 500 1842 here
533 1804 722 1843 Phrixeae
753 1804 895 1843 vellera
928 1807 1071 1856 pressit
1102 1802 1231 1844 ovis.'

224 1861 447 1901 Seminibus
479 1864 592 1900 tostis
625 1862 835 1901 sceleratae
868 1864 1003 1902 fraude
1038 1876 1226 1903 novercae

284 1920 504 1959 Sustulerat
535 1920 659 1959 nullas
692 1926 736 1959 ut
767 1921 892 1973 solet,
924 1922 1045 1960 herba
1076 1934 1228 1961 comas.

136 1986 202 2017 855
224 1979 390 2017 Mittitur
422 1979 469 2017 ad
502 1979 702 2030 tripodas,
736 1986 841 2018 certa
874 1981 941 2030 qui
973 1985 1077 2019 sorte
1110 1985 1306 2032 reportet,

283 2037 405 2082 Quam
438 2037 562 2075 sterili
593 2042 720 2076 terrae
752 2037 961 2088 Delphicus
993 2039 1081 2077 edat
1113 2051 1249 2089 opem.

224 2094 295 2133 Hic
328 2107 483 2146 quoque
517 2101 726 2146 corruptus
759 2108 848 2134 cum
880 2097 1026 2134 semine
1045 2128 1057 2148 ‚
1088 2099 1242 2136 nuntiat
1273 2096 1401 2136 Helles

281 2152 331 2191 Et
362 2154 515 2192 iuvenis
546 2153 679 2192 Phrixi
712 2154 847 2192 funera
880 2159 983 2192 sorte
1016 2156 1120 2205 peti.

224 2208 351 2261 thue
383 2217 628 2250 recusantem
662 2213 765 2250 cives
798 2217 836 2250 et
868 2217 1021 2263 tempus
1054 2218 1093 2251 et
1123 2213 1191 2252 Ino

135 2276 202 2308 860
282 2268 563 2320 Compnlerunt
595 2282 728 2321 regem
759 2271 864 2309 iussa
894 2271 1059 2309 nefanda
1090 2273 1191 2323 pati,
