1575 2489
458 68 504 101 ΙΙ,
531 75 607 100 vm
628 70 813 101 ‘zo—vnn
834 71 888 101 63.
1253 68 1335 109 161

124 175 164 214 Si
194 187 328 227 pacem
360 174 504 213 nullam
535 181 678 226 pontus
710 175 804 214 mihi
835 182 1008 227 praestet
1040 178 1171 228 eunti,

180 233 293 272 Irrita
324 232 505 284 Neptuno
538 245 609 271 cur
641 245 711 284 ego
743 240 831 272 tura
862 232 1020 273 feram?

121 291 224 330 Vana
255 290 464 329 laborantis
498 292 531 329 si
563 291 666 330 fallat
698 298 783 330 vota
817 292 967 344 coloni,

59 357 103 389 30
180 349 354 400 Accipiat
385 349 564 399 gravidae
598 361 668 388 cur
700 351 781 388 suis
814 357 900 390 exta
932 349 1086 390 Ceres?

122 407 201 446 Nec
234 407 339 446 dabit
370 408 525 446 intonso
558 407 734 458 iugulum
767 420 883 460 caper
915 409 1040 447 hostia
1073 409 1247 461 Baccho,
1280 418 1336 450 (66)

180 465 305 504 Musta
337 465 409 504 sub
442 465 608 504 adducto
642 467 675 504 si
706 466 804 517 pede
836 467 941 505 nulla
973 467 1118 507 fluent.

122 523 262 562 Caesar
293 529 337 562 ut
367 525 523 574 imperii
555 524 780 563 moderetur
811 525 921 563 frena
951 538 1182 577 precamur,

178 582 272 620 Tam
305 581 403 620 bene
436 582 539 632 quod
572 584 719 633 patriae
752 583 921 622 consulit
951 583 1015 621 ille
1049 596 1164 623 suae.

58 647 100 679 35
120 639 272 678 Utilitas
304 641 423 691 igitur
455 652 614 691 magnos
645 640 901 692 hominesque
934 641 1107 692 deosque

179 697 335 749 Efficit,
369 698 521 737 auxiliis
554 711 709 749 quoque
742 699 894 738 favente
927 701 1030 738 suis.

120 756 177 794 Tu
211 769 366 807 quoque
400 757 459 795 sac
491 758 656 807 profugo
690 758 843 807 prosint
874 763 940 795 tua
973 763 1099 796 castra
1130 759 1296 809 iacenti,

179 814 210 853 O
243 814 339 865 Coty
358 846 368 866 ,
399 816 606 865 progenies
639 815 753 864 digna
783 820 945 865 parente
978 820 1069 854 tuo.

119 871 362 911 Conveniens
394 872 542 911 homini
573 878 633 911 est
664 873 860 911 hominem
894 885 1049 911 servare
1082 873 1281 926 voluptas,

55 938 99 970 40
177 930 226 969 Et
257 931 396 969 melius
429 931 532 969 nulla
565 932 767 981 quaeritur
799 936 880 969 arte
914 931 1043 970 favor.

120 988 214 1034 Quis
246 1001 324 1027 non
356 989 591 1040 Antiphaten
623 988 886 1039 Laestrygona
919 987 1116 1029 devovet?
1148 996 1215 1028 aut
1248 991 1334 1041 quis

176 1046 348 1086 Munifici
380 1059 508 1085 mores
541 1046 735 1098 improbat
765 1045 950 1086 Alcinoi?

118 1105 203 1143 Non
234 1105 305 1143 tibi
337 1105 580 1144 Casandreus
612 1111 722 1156 pater
755 1111 814 1144 est
845 1107 1019 1156 gentisve
1052 1105 1269 1158 Pheraeae,

177 1163 299 1209 Quive
332 1169 576 1214 repertorem
608 1165 753 1202 torruit
784 1169 865 1202 arte
899 1176 992 1203 sua:

57 1229 102 1260 45
123 1221 198 1260 Sed
232 1233 346 1272 quam
379 1221 500 1260 Marte
533 1222 640 1260 ferox
675 1227 713 1259 et
743 1222 846 1260 vinci
877 1223 1034 1261 nescius
1066 1224 1208 1274 armis,

179 1279 274 1317 Tam
306 1291 517 1331 numquam
536 1311 546 1331 ,
577 1280 677 1318 facta
709 1291 802 1330 pace
821 1310 832 1331 ,
865 1282 1017 1318 cruoris
1050 1292 1204 1319 amans.

118 1337 255 1389 Adde,
288 1338 392 1388 quod
423 1340 612 1389 ingenuas
645 1337 827 1376 didicisse
861 1338 1028 1377 fideliter
1060 1344 1164 1377 artes

176 1395 335 1434 Emollit
365 1407 495 1435 mores
514 1427 524 1447 ,
557 1408 629 1434 nec
662 1397 755 1434 sinit
787 1408 872 1435 esse
906 1397 1032 1435 feros.

118 1454 197 1493 Nec
230 1466 368 1505 regum
400 1456 607 1505 quisquam
639 1455 760 1505 magis
793 1460 852 1493 est
882 1456 1101 1494 instructus
1133 1455 1179 1493 ab
1212 1455 1309 1507 illis,

56 1520 100 1551 50
177 1512 336 1551 Mitibus
368 1518 434 1551 aut
466 1512 605 1551 studiis
638 1517 815 1563 tempora
847 1512 960 1563 plura
992 1513 1120 1552 dedit.

118 1571 295 1610 Carmina
327 1576 552 1622 testantur,
585 1582 682 1621 quae
703 1602 713 1622 ‚
745 1572 778 1609 si
809 1576 875 1609 tua
907 1573 1063 1609 nomina
1095 1571 1249 1623 demas,

178 1628 404 1668 Threicium
436 1631 618 1668 iuvenem
650 1631 915 1680 composuisse
949 1642 1110 1680 negem.

116 1688 219 1726 Neve
251 1687 323 1726 suh
355 1687 429 1726 hoc
461 1693 587 1727 tractu
614 1693 719 1726 vates
752 1688 854 1726 foret
885 1689 1025 1727 unicus
1052 1688 1256 1740 Orpheus,
1278 1697 1332 1728 (67)

174 1745 345 1784 Bistonis
376 1747 531 1796 ingenio
565 1752 670 1784 terra
703 1746 871 1797 superba
903 1752 970 1785 tuo
1004 1753 1086 1785 est.

54 1811 97 1843 55
119 1803 245 1854 thue
278 1803 349 1842 tibi
381 1810 441 1843 est
472 1806 622 1843 animus
641 1835 652 1855 ,
691 1816 780 1843 cum
812 1817 876 1843 res
907 1806 960 1843 ita
991 1805 1191 1857 postulat,
1228 1818 1331 1844 arma

177 1862 340 1901 Sumere
374 1868 412 1901 et
443 1862 574 1900 hostili
605 1864 757 1913 tingere
791 1862 907 1901 caede
940 1875 1121 1916 manum,

116 1921 242 1971 Atque
274 1926 318 1959 ut
349 1932 391 1959 es
424 1932 587 1959 excusso
620 1921 791 1959 iaculum
822 1926 1007 1972 torquere
1039 1922 1184 1961 lacerto

175 1978 358 2030 Collaque
390 1979 534 2017 velocis
565 1979 724 2018 flectere
757 1979 894 2018 doctus
929 1982 1041 2031 equi,

116 2036 308 2089 Tempora
339 2039 395 2076 sic
428 2038 515 2076 data
549 2043 640 2076 sunt
672 2037 810 2076 studiis
843 2037 911 2076 uhi
942 2040 1043 2077 iusta
1075 2040 1273 2091 paternis,

55 2102 98 2134 60
176 2096 300 2146 Atque
333 2097 415 2135 suis
446 2097 622 2135 numeris
654 2097 754 2135 forte
788 2098 934 2147 quievit
966 2109 1084 2148 opus,

116 2153 171 2192 Ne
204 2159 269 2192 tua
301 2160 542 2194 marcescant
573 2166 643 2205 per
675 2156 812 2193 inertis
845 2156 921 2193 otia
955 2167 1138 2207 somnos,

175 2212 319 2251 Lucida
350 2212 477 2251 Pieria
509 2213 636 2252 tendis
668 2215 708 2251 in
741 2219 844 2251 astra
875 2214 959 2252 via.

117 2269 219 2308 Haec
251 2283 406 2322 quoque
439 2283 501 2310 res
534 2271 678 2323 aliquid
711 2277 841 2310 tecum
867 2272 962 2311 mihi
994 2273 1163 2312 foederis
1196 2273 1330 2312 affert.

72 2340 176 2368 ovm.
212 2343 270 2369 111.
862 2343 869 2353 '
1077 2342 1118 2373 11
