1575 2489
533 76 592 109 IV.
619 84 646 109 x
666 78 819 109 58—X11
845 78 896 109 18.
1291 75 1375 117 205

221 184 392 235 Coniuge
426 183 605 222 crudeles
637 195 715 222 non
746 183 918 223 habuere
950 184 1080 223 nefas.

160 242 302 281 Nuntia
333 253 420 280 nam
452 242 581 281 luctus
613 242 707 280 mihi
737 253 863 293 nuper
894 242 1060 293 epistula
1092 243 1220 294 venit3

100 310 142 339 10
219 300 414 351 Lectaque
447 312 536 339 cum
567 299 736 338 lacrimis
769 305 861 339 sunt
891 306 957 339 tua
989 299 1128 339 damna
1159 302 1278 339 meis.

162 358 236 397 Sed
269 370 395 409 neque
428 358 544 397 solari
574 358 808 409 prudentem
840 358 997 398 stultior
1028 360 1174 412 ausim,

218 415 420 467 Verbaque
453 416 658 455 doctorum
691 422 781 456 nota
812 418 961 456 referre
993 417 1086 456 tihi:

160 474 410 525 Finitumque
442 480 553 513 tuum
572 505 582 525 ,
616 476 647 513 si
679 487 757 513 non
789 477 938 514 ratione
957 506 968 527 ,
1001 475 1174 514 dolorem

217 533 303 583 Ipsa
334 534 410 571 iam
442 532 594 584 pridem
626 534 806 583 suspicor
837 545 923 572 esse
954 545 1085 572 mora.

99 599 140 630 15
160 590 257 629 Dum
289 596 355 629 tua
387 592 592 642 pervenit,
626 591 718 630 dum
750 591 879 630 littera
910 597 1043 630 nostra
1075 603 1284 630 recurrens

217 648 290 688 Tot
321 650 441 687 maria
474 661 517 687 ac
548 654 674 688 terras
706 655 909 701 permeat,
941 662 1065 689 annus
1098 650 1198 688 abit.

159 706 361 758 Temporis
394 707 565 746 officium
598 713 657 746 est
689 708 828 747 solacia
860 708 991 746 dicere
1024 709 1144 760 certi,

216 765 316 804 Dum
349 765 459 804 dolor
490 767 530 804 in
563 777 682 805 cursu
715 771 774 805 est
805 771 844 804 et
875 767 972 816 petit
1003 777 1118 816 aeger
1150 777 1286 816 opem.

159 824 206 862 At
239 836 326 862 cum
359 823 472 874 longa
504 823 586 862 dies
618 824 765 862 sedavit
795 823 955 862 vulnera
988 825 1152 876 mentis,

94 889 139 920 20
217 881 491 931 Intempestive
525 883 592 932 qui
623 887 751 920 movet
781 881 845 920 illa
864 912 874 932 ,
906 887 1042 920 novat.

157 939 264 978 Adde
296 939 399 989 quod
426 961 471 966 —
496 945 612 990 atque
644 941 791 979 utinam
823 951 958 978 verum
990 939 1086 978 mihi
1117 942 1267 980 venerit

883 997 1021 1036 omen!
1047 1019 1092 1025 —
1297 1008 1372 1040 (135)

217 1055 404 1106 Coniugio
437 1055 528 1094 felix
560 1058 635 1095 iam
667 1061 778 1107 potes
811 1067 896 1095 esse
929 1068 1051 1095 novo,

653 1183 756 1231 XII.

157 1287 241 1333 Quo
274 1291 402 1328 minus
434 1291 473 1328 in
506 1290 651 1328 nostris
682 1289 869 1340 ponaris,
902 1290 1053 1340 amice,
1085 1288 1249 1342 libellis,

216 1347 390 1386 Nominis
423 1348 591 1386 efficitur
623 1347 851 1386 condicione
884 1349 963 1386 tui.

157 1405 226 1444 Ast
258 1418 327 1457 ego
359 1418 436 1444 non
469 1405 584 1444 alium
617 1407 727 1456 prius
758 1405 833 1444 hoc
864 1405 1046 1457 dignarer
1077 1406 1248 1458 honore,

215 1463 285 1502 Est
317 1463 455 1515 aliquis
487 1469 666 1502 nostrum
699 1465 732 1502 si
763 1463 877 1502 modo
911 1476 1067 1503 carmen
1099 1465 1246 1504 honor.

117 1521 234 1560 5Lex
265 1521 376 1573 pedis
408 1522 535 1561 officio
568 1522 802 1572 fortunaque
834 1524 1002 1561 nominis
1034 1522 1184 1575 obstat,

216 1580 377 1631 Quaque
409 1593 517 1619 meos
549 1580 692 1631 adeas,
726 1586 785 1619 est
816 1581 875 1619 via
907 1580 1040 1631 nulla,
1072 1581 1230 1620 modos.

157 1638 251 1677 Nam
284 1639 406 1689 pudet
437 1641 476 1677 in
509 1640 683 1689 geminos
715 1640 768 1677 ita
800 1650 943 1678 nomen
975 1639 1154 1678 scindere
1187 1651 1347 1693 versus,

215 1696 373 1735 Desinat
403 1703 448 1736 ut
478 1699 585 1748 prior
617 1697 719 1748 hoc,
751 1698 991 1748 incipiatque
1023 1699 1173 1737 minor.

156 1754 205 1793 Et
235 1755 407 1806 pudeat,
440 1757 472 1793 si
503 1761 571 1806 te,
604 1767 678 1806 qua
711 1755 852 1806 syllaba
883 1761 992 1807 parte
1027 1762 1224 1810 moratur,

96 1821 138 1852 10
214 1814 347 1852 Artius
380 1813 568 1864 adpellem
600 1814 911 1865 Tuticanumque
944 1827 1102 1853 vocem:

156 1871 235 1910 Nec
267 1877 378 1922 potes
410 1873 450 1910 in
482 1883 638 1910 versum
670 1871 850 1910 Tuticani
881 1884 989 1911 more
1021 1875 1178 1925 venire,

214 1929 300 1969 Fiat
331 1936 374 1969 ut
407 1943 427 1968 e
459 1930 572 1981 longa
604 1929 749 1981 syllaba
779 1932 904 1981 prima
935 1930 1088 1970 brevis:

157 1988 232 2027 Aut
263 1988 532 2040 producatur,
565 2001 663 2039 quae
695 2000 799 2027 nunc
833 1991 1052 2040 correptius
1085 1991 1186 2042 exit,

214 2046 264 2086 Et
295 2048 346 2085 sit
376 2053 557 2098 porrecta
588 2047 701 2098 longa
733 2046 903 2086 secunda
935 2059 1066 2086 mora.

96 2111 137 2142 15
157 2103 224 2143 His
258 2117 327 2155 ego
361 2107 394 2144 si
424 2107 528 2144 vitiis
561 2107 685 2144 ausim
719 2118 973 2157 corrumpere
1006 2117 1171 2158 nomen,

214 2162 356 2201 Ridear
388 2169 427 2202 et
458 2165 597 2203 merito
629 2170 769 2215 pectus
800 2164 944 2202 habere
976 2176 1118 2215 neger.

155 2220 258 2259 Haec
290 2221 384 2260 mihi
416 2234 531 2261 causa
562 2223 636 2262 fuit
669 2222 777 2261 dilati
807 2224 982 2261 muneris
1013 2223 1154 2271 huius,

216 2279 327 2325 Quod
360 2292 469 2319 meus
502 2280 651 2320 adiecto
683 2282 817 2320 fenore
850 2280 988 2320 reddet
1020 2293 1149 2333 amor,
