1575 2489
552 62 610 95 VI.
639 61 822 94 osa—748
1273 57 1357 99 353

362 172 428 213 16.
461 170 538 213 GC
603 172 666 213 17.
699 169 781 212 HC
846 171 909 212 18.
943 169 1023 212 AC

142 252 190 291 At
220 256 330 302 pater
362 249 565 289 Heliadum
597 249 725 287 radios
757 248 825 288 ubi
856 250 1017 287 tinxerit
1047 247 1185 299 undis,

201 309 251 347 Et
282 310 412 358 cinget
442 309 617 358 geminos
649 307 759 346 stella
791 319 928 346 serena
959 306 1093 358 polos,

142 367 268 406 Tollet
298 366 417 404 humo
450 366 595 404 validos
626 365 756 417 proles
788 364 930 416 Hyriea
960 365 1150 403 lacertos.

57 434 123 466 720
203 425 393 464 Continua
425 423 590 474 Delphin
622 430 736 462 nocte
768 423 959 462 videndus
991 424 1088 463 erit.²

604 509 668 549 19.
699 506 778 550 BG

144 587 300 626 Scilicet
330 587 394 625 hic
426 586 517 625 olim
548 585 706 625 Volscos
737 586 972 637 Aequosque
1004 586 1155 636 fugatos
1284 594 1358 626 (223)

202 645 359 684 Viderat
389 646 429 683 in
461 646 606 696 campis
626 676 636 696 ,
667 644 802 695 Algida
833 651 967 696 terra,
998 645 1099 682 tuis:

142 703 250 742 Unde
284 702 508 742 suburbano
541 702 669 741 clarus
688 734 699 754 ,
730 702 902 741 Tuberte
921 733 932 754 ,
963 701 1163 752 triumpho

200 760 343 800 Vectus
375 773 417 800 es
449 763 489 799 in
521 762 672 813 niveis,
704 760 917 812 Postume,
948 761 1073 798 victor
1105 760 1238 810 equis.

57 819 222 858 7251am
254 832 321 858 sex
354 824 392 858 et
423 819 583 857 totidem
617 818 725 858 luces
757 819 804 857 de
836 830 970 856 mense
1003 822 1238 868 supersunt,

201 877 300 916 Huic
331 890 454 916 111111111
485 889 648 916 numero
680 883 723 915 tu
755 882 884 914 tamen
915 875 1012 914 adde
1044 875 1169 914 diem.

144 936 209 974 Sol
240 935 319 974 abit
350 948 370 973 a
403 935 603 985 Geminis,
636 940 674 973 et
705 933 845 972 Cancri
875 935 986 984 signa
1017 932 1256 972 rubescunt:

202 993 339 1044 Coepit
369 993 558 1031 Aventina
588 992 711 1031 Pallas
743 994 783 1031 in
815 1003 903 1030 arce
937 991 1033 1031 coli.

604 1078 671 1118 20.
704 1075 778 1118 OC

80 1192 84 1196 .
143 1155 221 1194 Iam
254 1161 349 1207 tua,
381 1154 630 1206 Laomedon,
662 1155 788 1192 oritur
819 1166 973 1206 nurus,
1007 1159 1169 1204 ortaque
1201 1158 1356 1192 noctem

56 1222 122 1252 730
200 1213 340 1265 Pellit,
374 1219 412 1252 et
444 1225 464 1251 e
496 1214 618 1263 pratis
648 1211 724 1250 uda
756 1213 895 1262 pruina
928 1212 1048 1263 fugit:

143 1271 329 1323 Reddita,
361 1272 538 1322 quisquis
564 1272 598 1308 is
625 1275 707 1322 est,
741 1270 950 1308 Summano
982 1269 1123 1321 templa
1152 1270 1355 1321 feruntur,

202 1329 331 1380 Tum,
364 1341 453 1367 cum
484 1328 697 1379 Romanis,
729 1328 877 1379 Pyrrhe
897 1360 907 1380 ,
938 1328 1136 1367 timendus
1169 1339 1277 1366 eras.

143 1386 250 1426 Hanc
283 1399 440 1438 quoque
466 1399 555 1425 cum
586 1388 722 1438 patriis
754 1386 909 1425 Galatea
940 1387 1134 1437 receperit
1165 1386 1302 1436 undis,

200 1445 397 1496 Plenaque
429 1457 590 1483 securae
622 1451 727 1483 terra
759 1446 901 1495 quietis
934 1447 1031 1496 erit,

56 1512 123 1542 735
146 1503 279 1554 Surgit
310 1503 429 1542 humo
462 1504 612 1541 iuvenis
643 1502 730 1541 telis
763 1502 914 1541 afflatus
946 1504 1081 1553 avitis,

200 1561 249 1599 Et
279 1562 432 1612 gemino
465 1572 584 1599 nexas
614 1562 780 1611 porrigit
810 1573 934 1611 angue
966 1572 1127 1599 manus.

141 1619 265 1658 Notus
297 1631 405 1657 amor
435 1618 634 1657 Phaedrae
653 1649 664 1670 ,
696 1624 786 1656 nota
818 1623 879 1657 est
908 1619 1051 1657 iniuria
1083 1617 1246 1656 Thesei:

199 1677 359 1716 Devovit
389 1682 524 1716 natum
555 1676 737 1715 credulus
769 1676 833 1715 ille
866 1688 1003 1716 suum.

143 1734 245 1785 [Non
276 1736 435 1786 impune
466 1736 554 1785 pius
585 1736 737 1773 iuvenis
768 1734 966 1774 Troezena
997 1733 1180 1785 petebat:

55 1801 120 1832 740
200 1793 343 1832 Dividit
374 1792 574 1831 obstantes
605 1799 764 1843 pectore
796 1798 933 1832 taurus
966 1805 1085 1843 aquas
1101 1791 1127 1842 .]

144 1851 307 1890 Solliciti
338 1856 540 1890 terrentur
572 1852 692 1903 equi,
723 1851 947 1902 frustraque
979 1852 1122 1889 retenti

201 1909 277 1948 Per
308 1909 490 1960 scopulos
523 1909 724 1948 dominum
756 1909 931 1960 duraque
964 1921 1054 1948 saxa
1085 1909 1267 1948 trahunt.

141 1967 348 2007 Exciderat
380 1980 528 2019 curru,
560 1967 732 2018 lorisque
764 1967 1006 2006 morantibus
1037 1972 1146 2006 artus

199 2025 430 2077 Hippolytus
462 2026 590 2065 lacero
623 2038 788 2077 corpore
818 2032 954 2077 raptus
987 2032 1093 2078 erat,

56 2091 120 2122 745
142 2083 456 2135 Reddideratque
477 2086 641 2122 animam
657 2115 667 2136 ,
687 2084 854 2123 multum
873 2084 1099 2135 indignante
1119 2083 1258 2122 DIana.
1280 2090 1355 2123 (224)

201 2139 353 2181 ‘Nulla'
388 2143 601 2181 Coronides
633 2139 769 2181 ‘causa
803 2140 968 2181 doloris'
1001 2144 1075 2182 ait:

142 2196 337 2252 ‘Namque
369 2202 433 2252 pio
464 2202 595 2240 iuveni
626 2202 742 2240 vitam
774 2203 858 2240 sine
890 2201 1047 2240 volnere
1078 2200 1261 2252 reddam,

200 2258 249 2297 Et
281 2258 419 2298 cedent
451 2261 526 2298 arti
556 2260 682 2298 tristia
714 2260 789 2298 fata
822 2255 974 2298 meae.'

96 2329 201 2356 ov1D.
238 2331 296 2356 111.
1102 2329 1146 2359 23
