1601 2484
191 75 246 115 56
742 75 965 107 TRISTIUM

309 182 460 233 Quique
493 183 630 220 bovem
663 182 792 220 Siculo
825 182 949 220 fertur
981 181 1144 220 donasse
1177 186 1362 232 tyranno,

309 241 358 279 Et
389 241 503 278 dictis
535 245 638 278 artes
670 239 896 278 conciliasse
929 251 1042 278 suas:

311 296 486 337 ‘Munere
518 299 557 336 in
583 298 656 336 hoc
674 328 685 349 ,
718 309 786 336 rex
804 328 815 349 ,
847 302 906 336 est
931 309 1026 336 usus
1045 328 1055 348 ,
1088 297 1154 335 sed
1181 297 1347 346 imagine
1372 296 1519 348 maior,

309 356 389 394 Nec
422 356 500 394 sola
532 361 591 394 est
623 357 752 406 operis
785 356 906 394 forma
936 355 1134 407 probanda
1166 355 1265 392 mei.

246 423 289 455 45
311 415 462 464 Aspicis
493 426 513 451 a
546 413 681 451 dextra
712 413 812 451 latus
843 414 916 452 hoc
948 412 1158 463 adapertile
1189 409 1325 450 tauri?

310 472 390 510 Hac
421 471 520 523 tihi,
554 484 669 522 quem
701 471 869 522 perdes,
902 471 1155 510 coniciendus
1187 471 1284 508 erit.

312 530 496 568 Protinus
529 529 722 567 inclusum
755 529 870 567 lentis
903 528 1138 568 carbonibus
1170 540 1264 567 ure:

311 588 484 639 Mugiet,
518 594 556 626 et
587 589 670 625 veri
701 600 772 625 vox
805 589 880 626 erit
910 587 974 625 illa
1005 587 1136 624 bovis.

312 647 386 684 Pro
421 646 562 696 quibus
594 647 790 697 inventis,
824 651 866 683 ut
897 657 1039 683 munus
1071 656 1232 683 munere
1263 655 1423 695 penses,

248 714 291 744 50
312 705 393 756 Da,
425 716 594 755 precor,
626 705 780 754 ingenio
812 704 983 753 praemia
1016 703 1129 752 digna
1160 699 1282 740 meo?

312 763 496 801 Dixerat.
547 767 585 800 at
616 762 788 800 Phalaris
821 759 986 799 ‘Poenae
1019 760 1192 798 mirande
1225 765 1426 811 repertor,

312 821 398 871 Ipse
434 826 542 858 tuum
574 832 759 871 praesens
791 816 948 858 imbue’
981 819 1078 856 dixit
1110 814 1258 868 eopusl'

312 879 392 917 Nec
423 891 529 916 mora
548 910 558 929 ,
591 879 815 916 monstratis
848 877 1059 916 crudeliter
1090 875 1245 927 ignibus
1277 881 1389 914 ustus

315 936 501 975 Exhibuit
533 938 706 987 geminos
739 948 804 974 ore
837 941 1015 986 gemente
1048 947 1185 973 sonos.

250 1004 293 1035 55
315 994 415 1040 Quid
447 995 541 1033 mihi
573 1007 661 1033 cum
694 993 835 1032 Siculis
866 992 1271 1044 inter'Scythiamque
1298 989 1526 1043 Getasque?

315 1053 371 1091 Ad
405 1058 471 1103 te,
504 1054 681 1103 quisquis
714 1054 746 1090 is
779 1064 849 1103 es,
881 1057 1013 1090 nostra
1046 1050 1218 1101 querella
1249 1050 1372 1088 redit.

314 1111 441 1161 thue
475 1112 579 1148 sitim
612 1116 745 1148 nostro
777 1112 903 1161 possis
935 1109 1091 1159 explere
1124 1120 1286 1159 cruore,

317 1169 545 1219 Quantaque
578 1170 663 1219 vis,
696 1168 804 1205 avido
837 1167 975 1218 gaudia
1007 1167 1124 1205 corde
1156 1167 1281 1204 seras:

316 1227 390 1265 Tot
421 1227 518 1264 mala
551 1238 636 1264 sum
664 1227 816 1276 fugiens
848 1225 986 1263 tellure
1006 1256 1016 1276 ,
1048 1230 1106 1263 tot
1137 1236 1306 1274 aequore
1336 1237 1498 1276 passus,

253 1295 296 1326 60
317 1285 370 1323 Te
404 1297 559 1335 quoque
592 1290 635 1322 ut
667 1284 807 1322 auditis
840 1296 953 1333 posse
987 1283 1117 1321 dolere
1150 1287 1305 1333 putem.

317 1343 440 1382 Crede
473 1343 595 1390 mihi,
629 1344 661 1380 si
693 1343 743 1380 sit
774 1342 887 1380 nobis
919 1342 1081 1380 collatus
1112 1340 1265 1392 Ulixes,

317 1401 488 1451 Neptuni
520 1402 646 1438 minor
679 1407 766 1453 est,
798 1412 912 1450 quam
945 1400 1044 1437 Iovis
1075 1400 1131 1437 ira
1164 1399 1258 1437 fuit.

317 1459 420 1510 Ergo
453 1460 688 1509 quicumque
722 1469 791 1509 es,
824 1458 1047 1496 rescindere
1081 1457 1242 1495 crimina
1273 1457 1375 1509 noli,

318 1517 451 1568 Deque
483 1518 589 1567 gravi
620 1517 737 1555 duras
768 1516 928 1554 vulnere
960 1515 1050 1553 tolle
1083 1527 1242 1553 manus.

255 1585 298 1615 65
320 1575 446 1626 thue
479 1587 586 1613 meae
619 1574 756 1612 samam
789 1578 953 1612 tenuent
984 1573 1122 1611 oblivia
1155 1573 1313 1625 culpae,

318 1633 434 1672 Facta
467 1634 689 1671 cicatricem
722 1632 865 1671 ducere
897 1636 1029 1670 nostra
1062 1632 1167 1682 sine3

319 1692 596 1742 Humanaeque
630 1703 777 1728 memor
810 1691 955 1741 sortis,
989 1701 1086 1740 quae
1118 1689 1219 1728 tollit
1251 1689 1406 1728 eosdem

319 1749 368 1788 Et
399 1751 569 1801 premit,
601 1751 770 1787 incertas
802 1750 885 1799 ipse
916 1760 1051 1786 verere
1084 1746 1209 1786 vices!

319 1808 368 1847 Et
400 1809 581 1859 quoniam
600 1838 610 1858 ,
649 1808 734 1845 fieri
766 1806 868 1857 quod
901 1818 1113 1856 numquam
1144 1817 1258 1856 posse
1291 1807 1444 1858 putavi,

257 1875 300 1907 70
322 1866 390 1904 Est
421 1866 491 1904 tibi
523 1866 569 1904 de
602 1865 721 1903 rebus
754 1866 916 1903 maxima
949 1877 1042 1903 cura
1074 1865 1193 1915 meis,

320 1924 405 1962 Non
432 1929 513 1975 est,
540 1923 642 1974 quod
669 1925 828 1961 timeas.
867 1923 1021 1961 fortuna
1048 1923 1265 1960 miserrima
1291 1927 1423 1961 nostra
1450 1927 1531 1974 est,

322 1982 444 2021 Omne
477 1982 595 2020 trahit
626 1993 758 2020 secum
791 1980 966 2019 Caesaris
998 1982 1055 2018 ira
1086 1980 1252 2018 malum.

322 2040 432 2086 Quod
465 2042 587 2089 magis
613 2045 657 2078 ut
686 2039 854 2091 liqueat,
881 2051 976 2077 neve
1003 2039 1075 2077 hoc
1102 2050 1172 2088 ego
1199 2038 1345 2090 fingere
1372 2038 1532 2091 credar,

323 2098 407 2150 [pse
426 2129 438 2150 ,
469 2098 613 2150 velim,
645 2109 789 2149 poenas
821 2099 1022 2148 experiare
1054 2108 1182 2136 meas.
