1575 2489
524 67 585 98 111.
614 74 658 98 VI
676 67 848 98 τιὸ-ΠΗ
871 67 922 97 11.
1306 63 1389 105 183

234 174 290 213 Ad
322 173 420 212 mala
451 174 525 211 iam
558 173 709 224 pridem
742 185 818 211 non
852 184 987 211 sumus
1019 172 1095 210 ulla
1127 172 1244 211 rudes
1263 203 1271 211 .

177 233 359 271 Venimus
391 233 430 269 in
463 231 619 269 Geticos
652 232 777 270 fines.
834 233 1046 269 moriamur
1078 233 1117 269 in
1150 230 1247 269 illis!

111 299 155 330 20
233 291 431 340 Parcaque
465 290 508 327 ad
543 295 762 328 extremum
795 301 869 340 qua
902 301 985 327 mea
1019 290 1170 340 coepit,
1203 295 1286 327 eat.

177 348 293 399 Spem
324 350 429 386 iuvat
454 347 661 399 amplecti,
689 360 786 398 quae
819 360 896 386 non
928 349 1034 386 iuvet
1064 348 1181 386 inrita
1214 359 1388 398 semper:

232 406 282 444 Et
312 407 397 444 fieri
429 408 562 456 cupias
596 408 706 456 siqua
738 407 869 444 sutura
900 412 1038 457 putes.

174 464 378 502 Proximus
410 463 501 502 huic
534 464 676 515 gradus
709 470 768 503 est
798 464 898 502 bene
930 464 1138 515 desperare
1171 463 1358 515 salutem,

234 522 361 572 Seque
395 522 514 560 semel
545 535 636 561 vera
669 524 769 561 scire
800 524 950 573 perisse
982 522 1083 561 fide.

109 589 153 620 25
175 580 354 619 Curando
387 581 473 618 fieri
505 581 693 631 quaedam
726 582 870 619 maiora
902 580 1078 619 videmus

232 638 428 690 Vulnera,
462 651 560 689 quae
593 639 731 678 melius
764 651 842 677 non
874 640 1048 688 tetigisse
1082 639 1178 678 fuit.

174 697 303 735 Mitius
335 696 399 735 ille
431 699 563 749 perit,
596 697 723 736 subita
757 699 823 748 qui
855 699 1045 747 mergitur
1077 697 1203 747 unda,

233 755 356 800 Quam
389 767 458 794 sua
490 757 556 806 qui
589 756 747 794 tumidis
779 755 936 793 brachia
969 754 1085 794 lassat
1117 756 1249 804 aquis.

174 813 251 852 Cur
284 825 355 863 ego
388 816 551 865 concepi
585 814 776 864 Scythicis
808 825 869 851 me
900 824 1015 863 posse
1049 824 1183 851 carere

107 880 152 910 30
232 871 394 910 Finibus
413 903 424 923 ,
457 878 496 910 et
528 878 632 910 terra
663 873 913 922 prosperiore
946 868 1058 909 frui?

173 929 251 968 Cur
283 929 426 980 aliquid
460 930 507 968 de
539 942 600 968 me
634 931 786 980 speravi
816 929 943 967 lenius
975 926 1195 979 umquam?

230 988 286 1026 An
322 988 476 1027 fortuna
507 988 602 1026 mihi
634 990 689 1026 sic
722 1000 805 1026 mea
838 993 929 1025 nota
961 985 1069 1025 suit?

172 1046 376 1096 Torqueor
408 1058 457 1084 en
483 1048 661 1097 gravius.
704 1047 946 1097 repetitaque
974 1046 1098 1083 forma
1123 1045 1298 1084 locorum
1316 1054 1389 1085 (101)

230 1103 398 1142 Exilium
429 1111 591 1143 renovat
620 1106 732 1143 triste
752 1136 762 1155 ,
794 1116 1013 1154 recensque
1046 1105 1158 1142 facit.

108 1171 153 1201 35
174 1161 245 1200 Est
276 1168 405 1201 tamen
437 1163 599 1213 utilius,
634 1162 807 1201 studium
840 1174 1013 1201 cessasse
1046 1174 1248 1213 meorum,

233 1220 355 1265 Quam
375 1252 385 1271 ‚
418 1233 514 1272 quas
546 1221 768 1272 admorint,
801 1232 879 1258 non
911 1220 1076 1259 valuisse
1109 1232 1270 1271 preces.

172 1279 306 1328 Magna
341 1279 497 1329 quidem
529 1292 592 1318 res
626 1285 713 1330 est,
746 1291 860 1330 quam
893 1290 971 1317 non
1004 1278 1154 1317 audetis
1174 1310 1184 1330 ,
1217 1279 1353 1331 amici,

233 1337 308 1375 Sed
342 1339 464 1388 siquis
496 1343 677 1389 peteret,
711 1339 777 1388 qui
809 1337 901 1375 dare
933 1337 1077 1389 vellet,
1110 1344 1215 1375 erat.

173 1394 389 1434 Dummodo
422 1409 501 1434 non
532 1396 644 1434 nobis
677 1396 750 1434 hoc
783 1395 958 1434 Caesaris
990 1397 1048 1434 ira
1080 1397 1253 1447 negarit,

107 1462 153 1492 40
234 1453 404 1493 Fortiter
436 1454 599 1493 Euxinis
630 1455 887 1492 inmoriemur
919 1456 1052 1504 aquis.

657 1581 783 1629 VIII.

173 1686 279 1732 Quae
311 1686 382 1726 tibi
401 1718 411 1738 ‚
444 1686 677 1737 quaerebam
697 1718 707 1738 ,
740 1699 954 1727 memorem
986 1688 1167 1726 testantia
1200 1699 1333 1727 curam

231 1745 337 1783 Dona
369 1744 597 1784 Tomitanus
629 1748 783 1785 mittere
815 1751 949 1797 posset
981 1758 1095 1797 ager.

174 1802 320 1853 Dignus
354 1815 395 1841 es
427 1809 616 1855 argentO,
649 1804 752 1843 fulvo
786 1817 941 1855 quoque
974 1805 1127 1855 dignior
1159 1816 1277 1843 auro:

233 1861 308 1900 Sed
341 1868 408 1913 te,
440 1874 529 1900 cum
561 1862 709 1913 donas,
741 1864 814 1901 ista
847 1865 978 1901 iuvare
1011 1863 1159 1902 solent.

133 1928 153 1958 5
174 1919 252 1958 Nec
285 1927 413 1958 tamen
446 1920 540 1958 haec
572 1920 654 1959 loca
687 1926 779 1959 sunt
811 1921 887 1959 ullo
920 1923 1090 1971 pretiosa
1122 1920 1299 1960 metallo:

233 1978 364 2017 Hostis
397 1978 443 2017 ab
476 1979 642 2029 agricola
676 1981 735 2018 vix
769 1980 861 2018 sinit
892 1979 954 2017 illa
987 1979 1088 2018 fodi.

174 2035 352 2087 Purpura
384 2049 498 2088 saepe
531 2044 619 2076 tuos
652 2037 804 2088 fulgens
836 2039 1026 2088 praetexit
1059 2038 1247 2077 amictus.

233 2094 309 2133 Sed
341 2107 419 2133 non
452 2095 665 2135 Sarmatico
698 2097 862 2147 tingitur
893 2096 956 2135 illa
989 2098 1108 2134 mari.

176 2151 324 2191 Vellera
355 2153 450 2192 dura
483 2154 614 2193 ferunt
645 2155 846 2206 pecudes,
880 2161 917 2193 et
949 2154 1112 2193 Palladis
1145 2156 1202 2193 uti

114 2217 153 2248 10
232 2212 324 2249 Arte
356 2211 579 2251 Tomitanae
612 2225 690 2252 non
723 2213 893 2252 didicere
927 2225 1072 2252 nurus.

178 2268 332 2308 Femina
364 2282 434 2321 pro
466 2270 551 2310 lana
585 2271 744 2311 Cerialia
778 2284 940 2310 munera
973 2272 1138 2323 frangit,
