1575 2489
185 108 269 149 258
725 106 980 139 FASTORL‘M

304 215 446 254 Adnuit
478 215 634 265 oranti,
666 213 734 251 sed
766 225 901 251 verum
933 212 1090 264 ambage
1122 218 1270 252 remota

338 271 547 322 'Abdidit‚
581 276 619 309 et
651 270 767 309 dubio
798 271 940 309 terruit
972 283 1038 309 ore
1070 272 1218 310 virum.

305 327 453 368 ‘Caede
486 325 622 378 caput'
656 328 780 366 dixit:
812 329 873 366 oui
907 340 976 366 rex
1008 325 1296 380 epa1·ebi11ius‚’
1328 330 1455 380 inquit

216 397 283 427 340
363 386 564 425 Caedenda
597 392 655 424 est
686 385 808 424 hortis
842 392 952 425 eruta
983 398 1077 437 cepa
1109 383 1250 425 meisz'

305 444 460 483 Addidit
490 444 553 482 hic
586 440 824 495 ‘hominis‚'
857 440 1071 482 ‘summos'
1104 446 1155 483 ait
1191 443 1255 483 ille
1289 440 1513 495 ‘capillos.'

364 502 540 541 Postulat
571 501 633 540 hic
666 503 860 553 animam3
893 503 956 540 cui
986 501 1108 540 Numa
1142 499 1301 553 ‘piscis'
1335 503 1408 541 ait.

307 561 406 599 Risit
424 592 435 611 ‚
467 566 506 598 et
537 556 640 598 ‘his'
673 561 801 610 inquit
832 556 967 598 ‘facito
1000 572 1085 598 mea
1116 559 1191 598 tela
1222 572 1432 612 procures,

366 617 397 657 O
430 619 487 656 vir
519 617 724 668 conloquio
757 629 834 655 non
866 617 1051 668 abigende
1085 617 1221 656 deum.

219 685 284 716 345
306 676 381 715 Sed
416 675 483 714 tibi
502 707 512 727 ‚
544 675 751 726 protulerit
783 687 871 714 cum
902 681 1027 714 totum
1059 677 1251 714 crastinus
1284 675 1416 714 orbem

365 733 552 785 Cynthius
571 764 581 784 ,
613 734 767 783 imperii
798 735 959 784 pignora
991 739 1097 772 certa
1129 730 1269 772 dabo.'

307 792 438 843 Dixit,
471 797 510 830 et
540 792 690 841 ingenti
722 792 870 829 tonitru
903 803 1021 842 super
1054 791 1209 829 aethera
1240 798 1387 830 motum

365 850 505 888 Fertur
524 880 534 900 7
566 849 790 887 adorantem
823 849 1075 900 destituitque
1107 849 1293 888 Numam.

308 908 372 946 ille
406 907 506 946 redit
538 907 661 946 laetus
681 939 691 958 ,
723 913 986 957 memoratque
1020 906 1236 952 Quiritibus
1269 912 1374 946 acta.

222 975 288 1005 350
367 965 492 1004 Tarda
524 967 628 1004 venit
660 965 773 1003 dictis
806 965 1050 1015 difficilisque
1083 965 1201 1003 fides.

309 1021 372 1062 eAt
404 1029 510 1062 certe
543 1019 798 1074 credemur‚'
831 1024 883 1061 ait
915 1020 970 1061 ‘si
1002 1022 1118 1061 verba
1149 1028 1336 1073 sequetur

367 1081 533 1120 Exitus.
590 1093 638 1118 en
670 1081 759 1118 audi
791 1082 956 1119 crastina
976 1112 986 1130 ‚
1019 1082 1194 1130 quisquis
1227 1081 1340 1118 ades.

308 1139 521 1177 Protulerit
554 1139 670 1176 terris
702 1150 791 1176 cum
824 1143 947 1176 totum
980 1138 1167 1189 Cynthius
1199 1138 1356 1188 orbem,

366 1196 539 1247 Iuppiter
570 1197 723 1246 imperii
754 1197 917 1246 pignora
949 1202 1055 1234 certa
1086 1192 1235 1234 dabit.'

221 1263 288 1293 355
310 1254 522 1293 Discedunt
553 1254 688 1304 dubii,
720 1255 988 1304 promissaque
1021 1253 1128 1292 tarda
1160 1253 1361 1303 videntur,

366 1312 644 1363 Dependetque
676 1311 770 1350 fides
803 1324 823 1349 a
855 1313 1031 1350 veniente
1065 1311 1148 1350 die.

310 1370 434 1409 Mollis
467 1376 549 1408 erat
582 1369 694 1408 tellus
726 1376 853 1408 rorata
885 1382 996 1408 mane
1028 1371 1191 1420 pruina:

367 1430 465 1467 Ante
499 1430 560 1467 sui
591 1427 757 1479 populus
789 1428 920 1466 limina
952 1429 1055 1478 regis
1087 1427 1217 1466 adest.

309 1486 471 1537 Prodit,
504 1492 542 1524 et
573 1487 612 1524 in
645 1485 739 1524 solio
772 1486 922 1524 medius
955 1486 1131 1524 consedit
1162 1497 1326 1524 acerno.

224 1553 291 1584 360
371 1544 569 1583 Innumeri
602 1545 704 1582 eirca
737 1549 916 1594 stantque
949 1543 1140 1594 silentque
1173 1545 1266 1581 viri.

311 1602 430 1641 Ortus
464 1608 546 1640 erat
577 1613 728 1640 summo
761 1601 1026 1639 tantummodo
1059 1603 1231 1652 margine
1263 1601 1465 1641 Phoebus:

369 1659 562 1698 Sollicitae
595 1665 744 1698 mentes
776 1671 922 1710 speque
954 1664 1138 1709 metuque
1170 1665 1330 1710 pavent.

311 1718 521 1769 Constitit,
554 1723 669 1768 atque
702 1723 816 1768 caput
848 1719 959 1755 niveo
992 1717 1138 1755 velatus
1172 1718 1314 1755 amictu

368 1775 445 1814 lam
477 1775 575 1814 bene
609 1775 668 1813 dis
700 1781 810 1813 notas
843 1775 1001 1814 sustulit
1031 1774 1094 1813 ille
1126 1787 1287 1826 manus,

223 1842 288 1874 365
310 1837 435 1884 Atque
467 1835 518 1872 ita
554 1830 730 1883 etempus
762 1833 871 1872 adest
901 1834 1083 1884 promissi
1114 1829 1332 1884 muneris‚'
1364 1834 1489 1885 inquit

370 1889 604 1930 ‘pollicitam
637 1892 749 1929 dictis
768 1922 779 1942 ‚
810 1891 1012 1942 Iuppiter,
1045 1890 1141 1929 adde
1172 1887 1331 1929 fidem.'

310 1950 409 1989 Dum
441 1949 642 2001 loquitur,
674 1955 798 1988 totum
830 1951 905 1987 iam
938 1949 994 1987 sol
1026 1955 1220 1987 emoverat
1251 1948 1408 2001 orbem,

368 2008 418 2047 Et
449 2009 573 2058 gravis
605 2007 777 2046 aetherio
810 2009 914 2045 venit
945 2007 990 2045 ab
1023 2019 1091 2045 axe
1125 2007 1279 2057 fragor.

310 2066 386 2104 Ter
418 2068 545 2104 tonuit
577 2067 659 2104 sine
692 2065 794 2104 nube
827 2065 923 2103 deus
942 2097 953 2117 ‚
985 2066 1058 2103 tria
1090 2064 1243 2115 fulgura
1273 2066 1401 2103 misit.

222 2133 287 2163 3ῖο
368 2124 521 2162 Credite
555 2124 727 2162 dicenti:
771 2124 895 2174 mira,
929 2123 995 2161 sed
1027 2128 1138 2174 acta,
1170 2122 1330 2173 loquor:

309 2183 339 2220 A
372 2183 495 2220 media
528 2181 676 2220 caelum
709 2183 865 2232 regione
898 2180 1099 2219 dehiscere
1132 2183 1282 2232 eoepit,
1312 2203 1357 2207 —

370 2240 607 2278 Summisere
640 2239 772 2278 oculos
805 2251 892 2277 cum
925 2238 1021 2277 duce
1055 2238 1169 2276 turba
1200 2251 1270 2277 suo
1301 2261 1342 2266 ψ

310 2296 410 2336 Ecce
442 2298 515 2336 levi
548 2303 701 2336 scutum
734 2303 929 2336 versatum
961 2296 1099 2335 leniter
1131 2309 1224 2335 aura

1573 1786 1575 1793 <
