<?xml version="1.0" encoding="UTF-8"?>
<!DOCTYPE html PUBLIC "-//W3C//DTD XHTML 1.0 Transitional//EN"
    "http://www.w3.org/TR/xhtml1/DTD/xhtml1-transitional.dtd">
<html xmlns="http://www.w3.org/1999/xhtml" xml:lang="en" lang="en">
 <head>
  <title>
</title>
<meta http-equiv="Content-Type" content="text/html;charset=utf-8" />
  <meta name='ocr-system' content='tesseract 3.04.00' />
  <meta name='ocr-capabilities' content='ocr_page ocr_carea ocr_par ocr_line ocrx_word'/>
</head>
<body>
  <div class='ocr_page' id='page_1' title='image "./operaovid01oviduoft_0159.png"; bbox 0 0 1575 2489; ppageno 0'>
   <div class='ocr_carea' id='block_1_1' title="bbox 525 92 1321 132">
    <p class='ocr_par' dir='ltr' id='par_1_1' title="bbox 525 92 1321 132">
     <span class='ocr_line' id='line_1_1' title="bbox 525 92 1321 132; baseline 0.01 -8"><span class='ocrx_word' id='word_1_1' title='bbox 525 93 564 126; x_wconf 88' lang='lat' dir='ltr'>v.</span> <span class='ocrx_word' id='word_1_2' title='bbox 593 94 788 126; x_wconf 82' lang='lat'>245—318.</span> <span class='ocrx_word' id='word_1_3' title='bbox 1240 92 1321 132; x_wconf 85' lang='lat'>111</span> 
     </span>
    </p>
   </div>
   <div class='ocr_carea' id='block_1_2' title="bbox 21 198 1323 2334">
    <p class='ocr_par' dir='ltr' id='par_1_2' title="bbox 21 198 1323 2334">
     <span class='ocr_line' id='line_1_2' title="bbox 170 198 1024 251; baseline 0 -14"><span class='ocrx_word' id='word_1_4' title='bbox 170 199 200 237; x_wconf 90' lang='lat' dir='ltr'>A</span> <span class='ocrx_word' id='word_1_5' title='bbox 232 199 329 238; x_wconf 86' lang='lat' dir='ltr'>duce</span> <span class='ocrx_word' id='word_1_6' title='bbox 361 198 532 237; x_wconf 81' lang='lat' dir='ltr'><strong>Puniceo</strong></span> <span class='ocrx_word' id='word_1_7' title='bbox 563 199 754 251; x_wconf 79' lang='lat' dir='ltr'>pertulit,</span> <span class='ocrx_word' id='word_1_8' title='bbox 785 201 868 250; x_wconf 89' lang='lat' dir='ltr'>ipse</span> <span class='ocrx_word' id='word_1_9' title='bbox 900 200 1024 237; x_wconf 85' lang='lat' dir='ltr'>seras.</span> 
     </span>
     <span class='ocr_line' id='line_1_3' title="bbox 112 255 1188 309; baseline -0.001 -14"><span class='ocrx_word' id='word_1_10' title='bbox 112 257 191 295; x_wconf 91' lang='lat' dir='ltr'>Nec</span> <span class='ocrx_word' id='word_1_11' title='bbox 222 256 292 295; x_wconf 88' lang='lat' dir='ltr'>tihi</span> <span class='ocrx_word' id='word_1_12' title='bbox 324 255 497 294; x_wconf 88' lang='lat' dir='ltr'>subsidio</span> <span class='ocrx_word' id='word_1_13' title='bbox 529 269 715 308; x_wconf 83' lang='lat' dir='ltr'>praesens</span> <span class='ocrx_word' id='word_1_14' title='bbox 748 259 798 296; x_wconf 92' lang='lat' dir='ltr'>sit</span> <span class='ocrx_word' id='word_1_15' title='bbox 829 269 1002 309; x_wconf 89' lang='lat' dir='ltr'>numen,</span> <span class='ocrx_word' id='word_1_16' title='bbox 1034 262 1078 295; x_wconf 90' lang='lat' dir='ltr'>ut</span> <span class='ocrx_word' id='word_1_17' title='bbox 1109 256 1188 308; x_wconf 85' lang='lat' dir='ltr'>illi,</span> 
     </span>
     <span class='ocr_line' id='line_1_4' title="bbox 169 314 949 366; baseline 0 -14"><span class='ocrx_word' id='word_1_18' title='bbox 169 314 241 353; x_wconf 89' lang='lat' dir='ltr'>Cui</span> <span class='ocrx_word' id='word_1_19' title='bbox 271 314 325 352; x_wconf 92' lang='lat' dir='ltr'>nil</span> <span class='ocrx_word' id='word_1_20' title='bbox 356 314 521 352; x_wconf 78' lang='lat' dir='ltr'>Rhoetei</span> <span class='ocrx_word' id='word_1_21' title='bbox 552 315 700 366; x_wconf 83' lang='lat' dir='ltr'>profuit</span> <span class='ocrx_word' id='word_1_22' title='bbox 730 327 795 353; x_wconf 88' lang='lat' dir='ltr'>ara</span> <span class='ocrx_word' id='word_1_23' title='bbox 826 314 949 353; x_wconf 93' lang='lat' dir='ltr'>Iovis.</span> 
     </span>
     <span class='ocr_line' id='line_1_5' title="bbox 26 371 1180 424; baseline -0.001 -12"><span class='ocrx_word' id='word_1_24' title='bbox 26 380 90 412; x_wconf 83' lang='lat'>285</span> <span class='ocrx_word' id='word_1_25' title='bbox 111 372 238 422; x_wconf 85' lang='lat' dir='ltr'>thue</span> <span class='ocrx_word' id='word_1_26' title='bbox 270 371 376 410; x_wconf 86' lang='lat' dir='ltr'>dedit</span> <span class='ocrx_word' id='word_1_27' title='bbox 407 372 527 411; x_wconf 90' lang='lat' dir='ltr'>saltus</span> <span class='ocrx_word' id='word_1_28' title='bbox 559 373 606 411; x_wconf 90' lang='lat' dir='ltr'>de</span> <span class='ocrx_word' id='word_1_29' title='bbox 639 385 788 411; x_wconf 76' lang='lat' dir='ltr'>sumnia</span> <span class='ocrx_word' id='word_1_30' title='bbox 820 372 1028 411; x_wconf 86' lang='lat' dir='ltr'>Thessalus</span> <span class='ocrx_word' id='word_1_31' title='bbox 1060 371 1180 424; x_wconf 87' lang='lat' dir='ltr'>Ossa,</span> 
     </span>
     <span class='ocr_line' id='line_1_6' title="bbox 168 430 1018 481; baseline 0.002 -14"><span class='ocrx_word' id='word_1_32' title='bbox 168 430 226 468; x_wconf 91' lang='lat' dir='ltr'>Tu</span> <span class='ocrx_word' id='word_1_33' title='bbox 259 441 414 480; x_wconf 87' lang='lat' dir='ltr'>quoque</span> <span class='ocrx_word' id='word_1_34' title='bbox 447 442 583 468; x_wconf 88' lang='lat' dir='ltr'>saxoso</span> <span class='ocrx_word' id='word_1_35' title='bbox 615 432 872 481; x_wconf 82' lang='lat' dir='ltr'>praecipitere</span> <span class='ocrx_word' id='word_1_36' title='bbox 904 432 1018 480; x_wconf 86' lang='lat' dir='ltr'>iugo.</span> 
     </span>
     <span class='ocr_line' id='line_1_7' title="bbox 26 487 1323 540; baseline 0.002 -14"><span class='ocrx_word' id='word_1_37' title='bbox 26 510 73 516; x_wconf 93' lang='lat'>—</span> <span class='ocrx_word' id='word_1_38' title='bbox 109 488 186 526; x_wconf 90' lang='lat' dir='ltr'>Aut</span> <span class='ocrx_word' id='word_1_39' title='bbox 210 487 315 525; x_wconf 91' lang='lat' dir='ltr'>velut</span> <span class='ocrx_word' id='word_1_40' title='bbox 338 487 577 539; x_wconf 82' lang='lat' dir='ltr'>Eurylochi,</span> <span class='ocrx_word' id='word_1_41' title='bbox 610 490 677 538; x_wconf 90' lang='lat' dir='ltr'>qui</span> <span class='ocrx_word' id='word_1_42' title='bbox 703 494 900 539; x_wconf 85' lang='lat' dir='ltr'>sceptrum</span> <span class='ocrx_word' id='word_1_43' title='bbox 933 489 1036 539; x_wconf 88' lang='lat' dir='ltr'>cepit</span> <span class='ocrx_word' id='word_1_44' title='bbox 1068 488 1114 527; x_wconf 89' lang='lat' dir='ltr'>ab</span> <span class='ocrx_word' id='word_1_45' title='bbox 1141 488 1231 540; x_wconf 81' lang='lat' dir='ltr'>illo,</span> <span class='ocrx_word' id='word_1_46' title='bbox 1268 496 1323 528; x_wconf 82' lang='lat'>(14)</span> 
     </span>
     <span class='ocr_line' id='line_1_8' title="bbox 170 545 1001 597; baseline 0.001 -14"><span class='ocrx_word' id='word_1_47' title='bbox 170 545 255 583; x_wconf 85' lang='lat' dir='ltr'>Sint</span> <span class='ocrx_word' id='word_1_48' title='bbox 286 550 393 583; x_wconf 89' lang='lat' dir='ltr'>artus</span> <span class='ocrx_word' id='word_1_49' title='bbox 426 546 545 584; x_wconf 88' lang='lat' dir='ltr'>avidis</span> <span class='ocrx_word' id='word_1_50' title='bbox 577 546 768 597; x_wconf 83' lang='lat' dir='ltr'>anguibus</span> <span class='ocrx_word' id='word_1_51' title='bbox 800 558 888 584; x_wconf 86' lang='lat' dir='ltr'>esca</span> <span class='ocrx_word' id='word_1_52' title='bbox 919 547 1001 585; x_wconf 87' lang='lat' dir='ltr'>tui.</span> 
     </span>
     <span class='ocr_line' id='line_1_9' title="bbox 109 602 941 655; baseline 0.001 -14"><span class='ocrx_word' id='word_1_53' title='bbox 109 602 176 641; x_wconf 93' lang='lat' dir='ltr'>Vel</span> <span class='ocrx_word' id='word_1_54' title='bbox 209 608 273 641; x_wconf 86' lang='lat' dir='ltr'>tua</span> <span class='ocrx_word' id='word_1_55' title='bbox 305 608 502 655; x_wconf 85' lang='lat' dir='ltr'>maturet,</span> <span class='ocrx_word' id='word_1_56' title='bbox 536 605 638 643; x_wconf 90' lang='lat' dir='ltr'>sicut</span> <span class='ocrx_word' id='word_1_57' title='bbox 667 604 808 642; x_wconf 83' lang='lat' dir='ltr'>Minoia</span> <span class='ocrx_word' id='word_1_58' title='bbox 842 605 941 654; x_wconf 85' lang='lat' dir='ltr'>sata,</span> 
     </span>
     <span class='ocr_line' id='line_1_10' title="bbox 23 660 1099 712; baseline -0.002 -11"><span class='ocrx_word' id='word_1_59' title='bbox 23 670 88 701; x_wconf 81' lang='lat'>290</span> <span class='ocrx_word' id='word_1_60' title='bbox 167 660 242 699; x_wconf 91' lang='lat' dir='ltr'>Per</span> <span class='ocrx_word' id='word_1_61' title='bbox 273 667 390 712; x_wconf 87' lang='lat' dir='ltr'>caput</span> <span class='ocrx_word' id='word_1_62' title='bbox 421 662 572 700; x_wconf 84' lang='lat' dir='ltr'>infusae</span> <span class='ocrx_word' id='word_1_63' title='bbox 603 662 776 700; x_wconf 84' lang='lat' dir='ltr'>fervidus</span> <span class='ocrx_word' id='word_1_64' title='bbox 808 673 923 700; x_wconf 91' lang='lat' dir='ltr'>umor</span> <span class='ocrx_word' id='word_1_65' title='bbox 954 673 1099 712; x_wconf 89' lang='lat' dir='ltr'>aquae.</span> 
     </span>
     <span class='ocr_line' id='line_1_11' title="bbox 108 718 1322 771; baseline 0 -14"><span class='ocrx_word' id='word_1_66' title='bbox 108 718 236 769; x_wconf 89' lang='lat' dir='ltr'>thue</span> <span class='ocrx_word' id='word_1_67' title='bbox 269 731 431 770; x_wconf 90' lang='lat' dir='ltr'>operum</span> <span class='ocrx_word' id='word_1_68' title='bbox 457 721 590 771; x_wconf 87' lang='lat' dir='ltr'>mitis,</span> <span class='ocrx_word' id='word_1_69' title='bbox 623 720 690 758; x_wconf 90' lang='lat' dir='ltr'>sed</span> <span class='ocrx_word' id='word_1_70' title='bbox 722 731 800 758; x_wconf 91' lang='lat' dir='ltr'>non</span> <span class='ocrx_word' id='word_1_71' title='bbox 831 721 1014 771; x_wconf 82' lang='lat' dir='ltr'>impune,</span> <span class='ocrx_word' id='word_1_72' title='bbox 1040 718 1322 771; x_wconf 84' lang='lat' dir='ltr'>Prometheus,</span> 
     </span>
     <span class='ocr_line' id='line_1_12' title="bbox 167 777 993 828; baseline 0.001 -14"><span class='ocrx_word' id='word_1_73' title='bbox 167 777 300 815; x_wconf 74' lang='lat' dir='ltr'>Aerias</span> <span class='ocrx_word' id='word_1_74' title='bbox 332 777 511 815; x_wconf 90' lang='lat' dir='ltr'>volucres</span> <span class='ocrx_word' id='word_1_75' title='bbox 544 777 729 828; x_wconf 88' lang='lat' dir='ltr'>compede</span> <span class='ocrx_word' id='word_1_76' title='bbox 761 777 860 815; x_wconf 86' lang='lat' dir='ltr'>fixus</span> <span class='ocrx_word' id='word_1_77' title='bbox 892 777 993 815; x_wconf 85' lang='lat' dir='ltr'>alas.</span> 
     </span>
     <span class='ocr_line' id='line_1_13' title="bbox 23 834 1322 887; baseline 0.002 -15"><span class='ocrx_word' id='word_1_78' title='bbox 23 857 75 862; x_wconf 91' lang='lat'><strong>—</strong></span> <span class='ocrx_word' id='word_1_79' title='bbox 107 834 184 873; x_wconf 88' lang='lat' dir='ltr'>Aut</span> <span class='ocrx_word' id='word_1_80' title='bbox 214 834 320 873; x_wconf 91' lang='lat' dir='ltr'>velut</span> <span class='ocrx_word' id='word_1_81' title='bbox 344 834 569 886; x_wconf 88' lang='lat' dir='ltr'>Etracides‚</span> <span class='ocrx_word' id='word_1_82' title='bbox 601 846 738 885; x_wconf 87' lang='lat' dir='ltr'>magno</span> <span class='ocrx_word' id='word_1_83' title='bbox 765 840 825 873; x_wconf 90' lang='lat' dir='ltr'>ter</span> <span class='ocrx_word' id='word_1_84' title='bbox 857 834 904 873; x_wconf 87' lang='lat' dir='ltr'>ab</span> <span class='ocrx_word' id='word_1_85' title='bbox 931 834 1099 874; x_wconf 84' lang='lat' dir='ltr'>Hercule</span> <span class='ocrx_word' id='word_1_86' title='bbox 1132 836 1291 886; x_wconf 89' lang='lat' dir='ltr'>quintus</span> <span class='ocrx_word' id='word_1_87' title='bbox 1310 866 1322 887; x_wconf 84' lang='lat'><em>,</em></span> 
     </span>
     <span class='ocr_line' id='line_1_14' title="bbox 167 892 1059 943; baseline 0.002 -13"><span class='ocrx_word' id='word_1_88' title='bbox 167 892 310 931; x_wconf 83' lang='lat' dir='ltr'>Caesus</span> <span class='ocrx_word' id='word_1_89' title='bbox 342 894 382 930; x_wconf 90' lang='lat' dir='ltr'>in</span> <span class='ocrx_word' id='word_1_90' title='bbox 413 894 634 931; x_wconf 90' lang='lat' dir='ltr'>inmensum</span> <span class='ocrx_word' id='word_1_91' title='bbox 665 893 858 943; x_wconf 86' lang='lat' dir='ltr'>proiciare</span> <span class='ocrx_word' id='word_1_92' title='bbox 890 893 1059 932; x_wconf 88' lang='lat' dir='ltr'>fretum.</span> 
     </span>
     <span class='ocr_line' id='line_1_15' title="bbox 22 950 1070 1002; baseline 0 -12"><span class='ocrx_word' id='word_1_93' title='bbox 22 959 87 990; x_wconf 82' lang='lat'>295</span> <span class='ocrx_word' id='word_1_94' title='bbox 107 951 183 989; x_wconf 90' lang='lat' dir='ltr'>Aut</span> <span class='ocrx_word' id='word_1_95' title='bbox 215 956 258 988; x_wconf 89' lang='lat' dir='ltr'>ut</span> <span class='ocrx_word' id='word_1_96' title='bbox 288 950 571 1002; x_wconf 81' lang='lat' dir='ltr'>Amyntiaden,</span> <span class='ocrx_word' id='word_1_97' title='bbox 604 952 710 1001; x_wconf 88' lang='lat' dir='ltr'>turpi</span> <span class='ocrx_word' id='word_1_98' title='bbox 742 950 906 989; x_wconf 88' lang='lat' dir='ltr'>dilectus</span> <span class='ocrx_word' id='word_1_99' title='bbox 939 963 1070 990; x_wconf 89' lang='lat' dir='ltr'>amore</span> 
     </span>
     <span class='ocr_line' id='line_1_16' title="bbox 167 1007 1041 1060; baseline 0 -13"><span class='ocrx_word' id='word_1_100' title='bbox 167 1007 331 1060; x_wconf 91' lang='lat' dir='ltr'>Oderit,</span> <span class='ocrx_word' id='word_1_101' title='bbox 364 1014 402 1047; x_wconf 88' lang='lat' dir='ltr'>et</span> <span class='ocrx_word' id='word_1_102' title='bbox 434 1020 547 1047; x_wconf 87' lang='lat' dir='ltr'>saevo</span> <span class='ocrx_word' id='word_1_103' title='bbox 579 1008 758 1047; x_wconf 87' lang='lat' dir='ltr'>vulneret</span> <span class='ocrx_word' id='word_1_104' title='bbox 790 1020 882 1047; x_wconf 91' lang='lat' dir='ltr'>ense</span> <span class='ocrx_word' id='word_1_105' title='bbox 915 1020 1041 1059; x_wconf 90' lang='lat' dir='ltr'>puer.</span> 
     </span>
     <span class='ocr_line' id='line_1_17' title="bbox 106 1066 1110 1118; baseline 0 -13"><span class='ocrx_word' id='word_1_106' title='bbox 106 1066 186 1105; x_wconf 89' lang='lat' dir='ltr'>Nec</span> <span class='ocrx_word' id='word_1_107' title='bbox 220 1066 289 1105; x_wconf 89' lang='lat' dir='ltr'>tibi</span> <span class='ocrx_word' id='word_1_108' title='bbox 321 1066 394 1104; x_wconf 83' lang='lat' dir='ltr'>fida</span> <span class='ocrx_word' id='word_1_109' title='bbox 425 1067 546 1117; x_wconf 87' lang='lat' dir='ltr'>magis</span> <span class='ocrx_word' id='word_1_110' title='bbox 579 1068 737 1105; x_wconf 87' lang='lat' dir='ltr'>misceri</span> <span class='ocrx_word' id='word_1_111' title='bbox 767 1066 905 1117; x_wconf 89' lang='lat' dir='ltr'>pocula</span> <span class='ocrx_word' id='word_1_112' title='bbox 936 1068 1110 1118; x_wconf 81' lang='lat' dir='ltr'>possint,</span> 
     </span>
     <span class='ocr_line' id='line_1_18' title="bbox 166 1124 1111 1174; baseline 0.001 -12"><span class='ocrx_word' id='word_1_113' title='bbox 166 1124 289 1169; x_wconf 87' lang='lat' dir='ltr'>Quam</span> <span class='ocrx_word' id='word_1_114' title='bbox 322 1125 390 1174; x_wconf 87' lang='lat' dir='ltr'>qui</span> <span class='ocrx_word' id='word_1_115' title='bbox 421 1126 626 1174; x_wconf 84' lang='lat' dir='ltr'>cornigero</span> <span class='ocrx_word' id='word_1_116' title='bbox 659 1124 705 1163; x_wconf 92' lang='lat' dir='ltr'>de</span> <span class='ocrx_word' id='word_1_117' title='bbox 737 1124 825 1163; x_wconf 93' lang='lat' dir='ltr'>Iove</span> <span class='ocrx_word' id='word_1_118' title='bbox 857 1129 972 1163; x_wconf 88' lang='lat' dir='ltr'>natus</span> <span class='ocrx_word' id='word_1_119' title='bbox 1005 1131 1111 1163; x_wconf 89' lang='lat' dir='ltr'>erat.</span> 
     </span>
     <span class='ocr_line' id='line_1_19' title="bbox 107 1181 1088 1233; baseline 0 -13"><span class='ocrx_word' id='word_1_120' title='bbox 107 1181 213 1220; x_wconf 90' lang='lat' dir='ltr'>More</span> <span class='ocrx_word' id='word_1_121' title='bbox 246 1181 306 1220; x_wconf 91' lang='lat' dir='ltr'>vel</span> <span class='ocrx_word' id='word_1_122' title='bbox 337 1184 507 1220; x_wconf 87' lang='lat' dir='ltr'>intereas</span> <span class='ocrx_word' id='word_1_123' title='bbox 539 1183 642 1233; x_wconf 85' lang='lat' dir='ltr'>capti</span> <span class='ocrx_word' id='word_1_124' title='bbox 674 1194 889 1233; x_wconf 88' lang='lat' dir='ltr'>suspensus</span> <span class='ocrx_word' id='word_1_125' title='bbox 921 1182 1088 1232; x_wconf 84' lang='lat' dir='ltr'>Achaei,</span> 
     </span>
     <span class='ocr_line' id='line_1_20' title="bbox 21 1240 1093 1291; baseline -0.002 -11"><span class='ocrx_word' id='word_1_126' title='bbox 21 1248 87 1280; x_wconf 87' lang='lat'>300</span> <span class='ocrx_word' id='word_1_127' title='bbox 168 1240 242 1285; x_wconf 85' lang='lat' dir='ltr'>Qui</span> <span class='ocrx_word' id='word_1_128' title='bbox 274 1241 393 1278; x_wconf 89' lang='lat' dir='ltr'>miser</span> <span class='ocrx_word' id='word_1_129' title='bbox 424 1240 593 1278; x_wconf 84' lang='lat' dir='ltr'>aurifera</span> <span class='ocrx_word' id='word_1_130' title='bbox 624 1245 723 1278; x_wconf 87' lang='lat' dir='ltr'>teste</span> <span class='ocrx_word' id='word_1_131' title='bbox 755 1240 940 1291; x_wconf 88' lang='lat' dir='ltr'>pependit</span> <span class='ocrx_word' id='word_1_132' title='bbox 971 1252 1093 1291; x_wconf 89' lang='lat' dir='ltr'>aqua.</span> 
     </span>
     <span class='ocr_line' id='line_1_21' title="bbox 107 1297 1120 1350; baseline 0 -14"><span class='ocrx_word' id='word_1_133' title='bbox 107 1299 182 1337; x_wconf 88' lang='lat' dir='ltr'>Aut</span> <span class='ocrx_word' id='word_1_134' title='bbox 214 1302 258 1336; x_wconf 91' lang='lat' dir='ltr'>ut</span> <span class='ocrx_word' id='word_1_135' title='bbox 288 1297 533 1349; x_wconf 88' lang='lat' dir='ltr'>Achilliden,</span> <span class='ocrx_word' id='word_1_136' title='bbox 567 1303 728 1349; x_wconf 84' lang='lat' dir='ltr'>cognato</span> <span class='ocrx_word' id='word_1_137' title='bbox 761 1300 917 1336; x_wconf 89' lang='lat' dir='ltr'>nomine</span> <span class='ocrx_word' id='word_1_138' title='bbox 950 1298 1120 1350; x_wconf 83' lang='lat' dir='ltr'>clarum,</span> 
     </span>
     <span class='ocr_line' id='line_1_22' title="bbox 165 1355 991 1407; baseline 0.001 -14"><span class='ocrx_word' id='word_1_139' title='bbox 165 1356 369 1406; x_wconf 88' lang='lat' dir='ltr'>Opprimat</span> <span class='ocrx_word' id='word_1_140' title='bbox 398 1355 529 1394; x_wconf 91' lang='lat' dir='ltr'>hostili</span> <span class='ocrx_word' id='word_1_141' title='bbox 561 1356 691 1407; x_wconf 83' lang='lat' dir='ltr'>tegula</span> <span class='ocrx_word' id='word_1_142' title='bbox 722 1358 821 1395; x_wconf 88' lang='lat' dir='ltr'>iacta</span> <span class='ocrx_word' id='word_1_143' title='bbox 852 1368 991 1395; x_wconf 91' lang='lat' dir='ltr'>manu.</span> 
     </span>
     <span class='ocr_line' id='line_1_23' title="bbox 105 1413 1161 1466; baseline 0 -14"><span class='ocrx_word' id='word_1_144' title='bbox 105 1413 184 1452; x_wconf 90' lang='lat' dir='ltr'>Nec</span> <span class='ocrx_word' id='word_1_145' title='bbox 217 1419 282 1452; x_wconf 88' lang='lat' dir='ltr'>tua</span> <span class='ocrx_word' id='word_1_146' title='bbox 314 1425 429 1464; x_wconf 89' lang='lat' dir='ltr'>quam</span> <span class='ocrx_word' id='word_1_147' title='bbox 459 1413 601 1464; x_wconf 86' lang='lat' dir='ltr'>Pyrrhi</span> <span class='ocrx_word' id='word_1_148' title='bbox 631 1414 782 1452; x_wconf 86' lang='lat' dir='ltr'>felicius</span> <span class='ocrx_word' id='word_1_149' title='bbox 814 1425 901 1452; x_wconf 86' lang='lat' dir='ltr'>ossa</span> <span class='ocrx_word' id='word_1_150' title='bbox 933 1415 1161 1466; x_wconf 83' lang='lat' dir='ltr'>quiescant,</span> 
     </span>
     <span class='ocr_line' id='line_1_24' title="bbox 166 1471 1110 1522; baseline 0 -12"><span class='ocrx_word' id='word_1_151' title='bbox 166 1472 306 1522; x_wconf 90' lang='lat' dir='ltr'>Sparsa</span> <span class='ocrx_word' id='word_1_152' title='bbox 337 1483 409 1522; x_wconf 90' lang='lat' dir='ltr'>per</span> <span class='ocrx_word' id='word_1_153' title='bbox 433 1471 658 1511; x_wconf 86' lang='lat' dir='ltr'>Ambracias</span> <span class='ocrx_word' id='word_1_154' title='bbox 691 1484 789 1522; x_wconf 88' lang='lat' dir='ltr'>quae</span> <span class='ocrx_word' id='word_1_155' title='bbox 820 1473 976 1510; x_wconf 84' lang='lat' dir='ltr'>iacuere</span> <span class='ocrx_word' id='word_1_156' title='bbox 1008 1473 1110 1510; x_wconf 88' lang='lat' dir='ltr'>vias.</span> 
     </span>
     <span class='ocr_line' id='line_1_25' title="bbox 21 1529 1149 1582; baseline -0.001 -13"><span class='ocrx_word' id='word_1_157' title='bbox 21 1538 86 1569; x_wconf 85' lang='lat'>305</span> <span class='ocrx_word' id='word_1_158' title='bbox 107 1529 278 1580; x_wconf 88' lang='lat' dir='ltr'>Nataque</span> <span class='ocrx_word' id='word_1_159' title='bbox 311 1535 355 1568; x_wconf 89' lang='grc'>111</span> <span class='ocrx_word' id='word_1_160' title='bbox 385 1530 571 1568; x_wconf 82' lang='lat' dir='ltr'>Aeacidae</span> <span class='ocrx_word' id='word_1_161' title='bbox 603 1530 739 1568; x_wconf 87' lang='lat' dir='ltr'>iaculis</span> <span class='ocrx_word' id='word_1_162' title='bbox 771 1531 949 1568; x_wconf 89' lang='lat' dir='ltr'>moriaris</span> <span class='ocrx_word' id='word_1_163' title='bbox 982 1529 1149 1582; x_wconf 82' lang='lat' dir='ltr'>adactis;</span> 
     </span>
     <span class='ocr_line' id='line_1_26' title="bbox 165 1587 1131 1627; baseline 0 -1"><span class='ocrx_word' id='word_1_164' title='bbox 165 1587 250 1626; x_wconf 93' lang='lat' dir='ltr'>Non</span> <span class='ocrx_word' id='word_1_165' title='bbox 282 1587 373 1626; x_wconf 88' lang='lat' dir='ltr'>licet</span> <span class='ocrx_word' id='word_1_166' title='bbox 403 1587 477 1626; x_wconf 95' lang='lat' dir='ltr'>hoc</span> <span class='ocrx_word' id='word_1_167' title='bbox 510 1587 644 1627; x_wconf 89' lang='lat' dir='ltr'>Cereri</span> <span class='ocrx_word' id='word_1_168' title='bbox 676 1587 920 1626; x_wconf 81' lang='lat' dir='ltr'>dissimulare</span> <span class='ocrx_word' id='word_1_169' title='bbox 953 1599 1131 1626; x_wconf 86' lang='lat' dir='ltr'>sacrum.</span> 
     </span>
     <span class='ocr_line' id='line_1_27' title="bbox 106 1645 1189 1698; baseline 0 -14"><span class='ocrx_word' id='word_1_170' title='bbox 106 1645 231 1696; x_wconf 87' lang='lat' dir='ltr'>thue</span> <span class='ocrx_word' id='word_1_171' title='bbox 264 1657 384 1696; x_wconf 88' lang='lat' dir='ltr'>nepos</span> <span class='ocrx_word' id='word_1_172' title='bbox 417 1645 510 1684; x_wconf 89' lang='lat' dir='ltr'>dicti</span> <span class='ocrx_word' id='word_1_173' title='bbox 542 1651 677 1684; x_wconf 89' lang='lat' dir='ltr'>nostro</span> <span class='ocrx_word' id='word_1_174' title='bbox 709 1646 824 1684; x_wconf 89' lang='lat' dir='ltr'>modo</span> <span class='ocrx_word' id='word_1_175' title='bbox 856 1647 1027 1684; x_wconf 90' lang='lat' dir='ltr'>carmine</span> <span class='ocrx_word' id='word_1_176' title='bbox 1059 1647 1189 1698; x_wconf 79' lang='lat' dir='ltr'>regis,</span> 
     </span>
     <span class='ocr_line' id='line_1_28' title="bbox 165 1703 1095 1754; baseline -0.001 -12"><span class='ocrx_word' id='word_1_177' title='bbox 165 1703 442 1742; x_wconf 88' lang='lat' dir='ltr'>Cantharidum</span> <span class='ocrx_word' id='word_1_178' title='bbox 474 1715 589 1742; x_wconf 88' lang='lat' dir='ltr'>sucos</span> <span class='ocrx_word' id='word_1_179' title='bbox 622 1703 736 1743; x_wconf 85' lang='lat' dir='ltr'>dante</span> <span class='ocrx_word' id='word_1_180' title='bbox 769 1708 929 1754; x_wconf 85' lang='lat' dir='ltr'>parente</span> <span class='ocrx_word' id='word_1_181' title='bbox 962 1703 1095 1742; x_wconf 87' lang='lat' dir='ltr'>bibas.</span> 
     </span>
     <span class='ocr_line' id='line_1_29' title="bbox 106 1762 1317 1812; baseline -0.002 -12"><span class='ocrx_word' id='word_1_182' title='bbox 106 1762 182 1800; x_wconf 89' lang='lat' dir='ltr'>Aut</span> <span class='ocrx_word' id='word_1_183' title='bbox 212 1763 275 1812; x_wconf 89' lang='lat' dir='ltr'>pia</span> <span class='ocrx_word' id='word_1_184' title='bbox 306 1767 344 1800; x_wconf 91' lang='lat' dir='ltr'>te</span> <span class='ocrx_word' id='word_1_185' title='bbox 376 1773 489 1800; x_wconf 85' lang='lat' dir='ltr'>caeso</span> <span class='ocrx_word' id='word_1_186' title='bbox 521 1762 673 1800; x_wconf 90' lang='lat' dir='ltr'>dicatur</span> <span class='ocrx_word' id='word_1_187' title='bbox 704 1762 878 1800; x_wconf 88' lang='lat' dir='ltr'>adultera</span> <span class='ocrx_word' id='word_1_188' title='bbox 897 1792 907 1812; x_wconf 84' lang='grc'>,</span> <span class='ocrx_word' id='word_1_189' title='bbox 940 1763 1043 1800; x_wconf 90' lang='lat' dir='ltr'>sicut</span> <span class='ocrx_word' id='word_1_190' title='bbox 1263 1771 1317 1804; x_wconf 85' lang='lat'>(15)</span> 
     </span>
     <span class='ocr_line' id='line_1_30' title="bbox 22 1819 1159 1872; baseline 0.001 -14"><span class='ocrx_word' id='word_1_191' title='bbox 22 1827 87 1859; x_wconf 89' lang='lat'>310</span> <span class='ocrx_word' id='word_1_192' title='bbox 166 1819 247 1864; x_wconf 86' lang='lat' dir='ltr'>Qua</span> <span class='ocrx_word' id='word_1_193' title='bbox 280 1819 421 1858; x_wconf 86' lang='lat' dir='ltr'>cecidit</span> <span class='ocrx_word' id='word_1_194' title='bbox 452 1819 609 1858; x_wconf 90' lang='lat' dir='ltr'>Leucon</span> <span class='ocrx_word' id='word_1_195' title='bbox 641 1819 791 1858; x_wconf 91' lang='lat' dir='ltr'>vindice</span> <span class='ocrx_word' id='word_1_196' title='bbox 810 1851 821 1872; x_wconf 86' lang='lat'><em>,</em></span> <span class='ocrx_word' id='word_1_197' title='bbox 853 1819 953 1858; x_wconf 88' lang='lat' dir='ltr'>dicta</span> <span class='ocrx_word' id='word_1_198' title='bbox 984 1821 1047 1871; x_wconf 90' lang='lat' dir='ltr'>pia</span> <span class='ocrx_word' id='word_1_199' title='bbox 1079 1826 1159 1859; x_wconf 90' lang='lat' dir='ltr'>est.</span> 
     </span>
     <span class='ocr_line' id='line_1_31' title="bbox 106 1877 1164 1930; baseline 0 -14"><span class='ocrx_word' id='word_1_200' title='bbox 106 1877 226 1928; x_wconf 88' lang='lat' dir='ltr'>Inque</span> <span class='ocrx_word' id='word_1_201' title='bbox 257 1889 391 1928; x_wconf 89' lang='lat' dir='ltr'>pyram</span> <span class='ocrx_word' id='word_1_202' title='bbox 423 1882 554 1916; x_wconf 89' lang='lat' dir='ltr'>tecum</span> <span class='ocrx_word' id='word_1_203' title='bbox 586 1879 785 1916; x_wconf 88' lang='lat' dir='ltr'>carissima</span> <span class='ocrx_word' id='word_1_204' title='bbox 817 1889 980 1928; x_wconf 89' lang='lat' dir='ltr'>corpora</span> <span class='ocrx_word' id='word_1_205' title='bbox 1012 1879 1164 1930; x_wconf 87' lang='lat' dir='ltr'>mittas,</span> 
     </span>
     <span class='ocr_line' id='line_1_32' title="bbox 166 1935 1066 1987; baseline 0 -13"><span class='ocrx_word' id='word_1_206' title='bbox 166 1936 289 1981; x_wconf 88' lang='lat' dir='ltr'>Quem</span> <span class='ocrx_word' id='word_1_207' title='bbox 320 1936 435 1974; x_wconf 89' lang='lat' dir='ltr'>finem</span> <span class='ocrx_word' id='word_1_208' title='bbox 467 1937 567 1975; x_wconf 87' lang='lat' dir='ltr'>vitae</span> <span class='ocrx_word' id='word_1_209' title='bbox 600 1935 896 1987; x_wconf 87' lang='lat' dir='ltr'>Sardanapallus</span> <span class='ocrx_word' id='word_1_210' title='bbox 926 1935 1066 1974; x_wconf 86' lang='lat' dir='ltr'>hahet.</span> 
     </span>
     <span class='ocr_line' id='line_1_33' title="bbox 105 1993 1157 2045; baseline 0 -13"><span class='ocrx_word' id='word_1_211' title='bbox 105 1993 232 2044; x_wconf 88' lang='lat' dir='ltr'>thue</span> <span class='ocrx_word' id='word_1_212' title='bbox 264 1993 364 2032; x_wconf 90' lang='lat' dir='ltr'>Iovis</span> <span class='ocrx_word' id='word_1_213' title='bbox 395 1993 530 2045; x_wconf 90' lang='lat' dir='ltr'>Libyci</span> <span class='ocrx_word' id='word_1_214' title='bbox 561 1994 748 2045; x_wconf 88' lang='lat' dir='ltr'>templum</span> <span class='ocrx_word' id='word_1_215' title='bbox 781 1994 922 2032; x_wconf 87' lang='lat' dir='ltr'>violare</span> <span class='ocrx_word' id='word_1_216' title='bbox 954 1999 1157 2045; x_wconf 85' lang='lat' dir='ltr'>parantes,</span> 
     </span>
     <span class='ocr_line' id='line_1_34' title="bbox 164 2052 1036 2092; baseline 0.003 -3"><span class='ocrx_word' id='word_1_217' title='bbox 164 2053 257 2090; x_wconf 88' lang='lat' dir='ltr'>Acta</span> <span class='ocrx_word' id='word_1_218' title='bbox 287 2057 379 2090; x_wconf 90' lang='lat' dir='ltr'>noto</span> <span class='ocrx_word' id='word_1_219' title='bbox 412 2052 542 2091; x_wconf 88' lang='lat' dir='ltr'>vultus</span> <span class='ocrx_word' id='word_1_220' title='bbox 574 2052 714 2091; x_wconf 88' lang='lat' dir='ltr'>condat</span> <span class='ocrx_word' id='word_1_221' title='bbox 745 2052 889 2090; x_wconf 87' lang='lat' dir='ltr'>harena</span> <span class='ocrx_word' id='word_1_222' title='bbox 921 2058 1036 2092; x_wconf 89' lang='lat' dir='ltr'>tuos.</span> 
     </span>
     <span class='ocr_line' id='line_1_35' title="bbox 21 2109 1025 2161; baseline 0 -14"><span class='ocrx_word' id='word_1_223' title='bbox 21 2116 86 2148; x_wconf 88' lang='lat'>315</span> <span class='ocrx_word' id='word_1_224' title='bbox 107 2109 233 2160; x_wconf 87' lang='lat' dir='ltr'>thue</span> <span class='ocrx_word' id='word_1_225' title='bbox 266 2114 491 2149; x_wconf 88' lang='lat' dir='ltr'>necatorum</span> <span class='ocrx_word' id='word_1_226' title='bbox 523 2110 637 2149; x_wconf 87' lang='lat' dir='ltr'>Darei</span> <span class='ocrx_word' id='word_1_227' title='bbox 669 2110 804 2149; x_wconf 88' lang='lat' dir='ltr'>fraude</span> <span class='ocrx_word' id='word_1_228' title='bbox 837 2110 1025 2161; x_wconf 84' lang='lat' dir='ltr'>secundi,</span> 
     </span>
     <span class='ocr_line' id='line_1_36' title="bbox 166 2167 1006 2207; baseline -0.001 -1"><span class='ocrx_word' id='word_1_229' title='bbox 166 2168 229 2206; x_wconf 89' lang='lat' dir='ltr'>Sic</span> <span class='ocrx_word' id='word_1_230' title='bbox 261 2173 326 2206; x_wconf 88' lang='lat' dir='ltr'>tua</span> <span class='ocrx_word' id='word_1_231' title='bbox 358 2167 563 2207; x_wconf 90' lang='lat' dir='ltr'>subsidens</span> <span class='ocrx_word' id='word_1_232' title='bbox 596 2168 756 2207; x_wconf 91' lang='lat' dir='ltr'>devoret</span> <span class='ocrx_word' id='word_1_233' title='bbox 787 2179 853 2206; x_wconf 92' lang='lat' dir='ltr'>ora</span> <span class='ocrx_word' id='word_1_234' title='bbox 886 2169 1006 2206; x_wconf 88' lang='lat' dir='ltr'>cinis.</span> 
     </span>
     <span class='ocr_line' id='line_1_37' title="bbox 107 2225 1116 2278; baseline 0 -15"><span class='ocrx_word' id='word_1_235' title='bbox 107 2225 183 2264; x_wconf 88' lang='lat' dir='ltr'>Ant</span> <span class='ocrx_word' id='word_1_236' title='bbox 214 2230 257 2264; x_wconf 90' lang='lat' dir='ltr'>ut</span> <span class='ocrx_word' id='word_1_237' title='bbox 288 2225 460 2264; x_wconf 85' lang='lat' dir='ltr'>olivifera</span> <span class='ocrx_word' id='word_1_238' title='bbox 492 2226 686 2277; x_wconf 86' lang='lat' dir='ltr'>quondam</span> <span class='ocrx_word' id='word_1_239' title='bbox 720 2226 885 2276; x_wconf 89' lang='lat' dir='ltr'>Sicyone</span> <span class='ocrx_word' id='word_1_240' title='bbox 916 2225 1116 2278; x_wconf 80' lang='lat' dir='ltr'>profecto,</span> 
     </span>
     <span class='ocr_line' id='line_1_38' title="bbox 166 2283 1064 2334; baseline 0.001 -13"><span class='ocrx_word' id='word_1_241' title='bbox 166 2283 224 2322; x_wconf 91' lang='lat' dir='ltr'>Sit</span> <span class='ocrx_word' id='word_1_242' title='bbox 255 2283 376 2334; x_wconf 83' lang='lat' dir='ltr'>frigus</span> <span class='ocrx_word' id='word_1_243' title='bbox 407 2286 543 2323; x_wconf 89' lang='lat' dir='ltr'>mortis</span> <span class='ocrx_word' id='word_1_244' title='bbox 576 2296 690 2324; x_wconf 88' lang='lat' dir='ltr'>causa</span> <span class='ocrx_word' id='word_1_245' title='bbox 723 2284 920 2334; x_wconf 84' lang='lat' dir='ltr'>famesque</span> <span class='ocrx_word' id='word_1_246' title='bbox 952 2289 1064 2322; x_wconf 87' lang='lat' dir='ltr'>tuae.</span> 
     </span>
    </p>
   </div>
  </div>
 </body>
</html>
