1575 2489
164 102 218 143 52
669 102 922 135 FASTORUM
1574 117 1575 138 ¹

165 220 231 251 635
252 211 409 261 Iamque
441 210 508 249 ubi
540 209 718 248 suadebit
748 209 919 260 placidos
956 221 1032 248 nox
1063 209 1192 248 umida
1224 221 1402 261 somnos,

311 269 433 318 Larga
465 269 664 318 precaturi
696 269 837 306 sumite
869 269 954 305 vina
985 279 1124 319 manu,

252 326 301 365 Et
333 323 454 364 ‘bene
486 338 554 363 vos
573 357 583 377 ,
615 325 714 364 bene
746 330 814 377 te,
846 327 992 376 patriae
1024 331 1134 375 pater
1153 357 1162 375 ,
1195 326 1338 376 optime

976 380 1160 421 Caesarl'

310 441 434 480 Dicite
467 442 614 480 suffuso
647 453 717 491 per
748 440 847 479 bona
880 440 996 479 verba
1028 453 1158 480 mero.

602 532 670 573 23.
701 531 735 572 F
766 530 989 572 TER-N>

255 615 338 653 Nox
370 615 437 654 ubi
468 616 695 667 transierit,
729 615 841 654 solito
875 614 1095 653 celebretur
1126 615 1274 654 honore

167 682 233 712 640
315 673 476 723 Separat
506 673 649 711 indicio
683 675 749 724 qui
780 673 877 712 deus
909 685 997 711 arva
1029 685 1125 711 suo,

254 731 436 770 Termine
456 763 467 784 ,
498 733 578 770 sive
610 731 706 782 lapis
725 763 735 782 ,
768 733 847 770 sive
879 743 921 770 es
954 731 1131 769 defossus
1161 732 1200 769 in
1233 743 1324 781 agro

317 789 474 841 Stipes,
506 789 552 827 ab
586 791 755 840 antiquis
787 795 829 828 tu
862 801 1016 840 quoque
1048 801 1192 827 numen
1223 788 1363 827 habes.

253 847 307 885 Te
341 848 416 886 duo
450 848 601 886 diversa
633 848 778 886 domini
810 860 880 898 pro
912 853 1021 898 parte
1055 852 1264 898 coronant,

314 906 487 956 Binaque
521 911 623 944 serta
655 905 726 943 tibi
756 905 924 956 binaque
956 905 1032 943 liba
1063 906 1217 944 serunt.

169 972 234 1003 645
256 965 330 1002 Ara
361 964 427 1002 fit:
459 964 535 1002 huc
567 965 696 1014 ignem
729 969 840 1002 curto
873 964 948 1001 sert
979 965 1125 1002 rustica
1157 969 1260 1002 testu
1408 971 1464 1003 (63)

316 1022 522 1072 Sumptum
554 1021 600 1059 de
633 1021 774 1072 tepidis
804 1023 888 1072 ipsa
920 1021 1054 1060 colona
1086 1022 1204 1060 focis.

257 1080 377 1130 Ligna
409 1092 527 1117 senex
558 1081 726 1130 minuit,
760 1081 992 1129 concisaque
1025 1081 1218 1118 construit
1250 1084 1355 1130 arte,

314 1137 364 1175 Et
397 1137 517 1175 solida
548 1149 677 1175 ramos
708 1138 827 1187 figere
859 1143 1006 1187 pugnat
1035 1137 1178 1175 humo:

257 1196 356 1234 Tum
389 1197 492 1233 sicco
524 1196 669 1246 primas
700 1197 834 1233 inritat
866 1197 1011 1233 cortice
1045 1195 1238 1246 ssanimas3

173 1263 235 1294 350
317 1254 401 1292 Stat
431 1265 530 1304 puer
562 1258 601 1291 et
632 1253 810 1292 manibus
841 1252 916 1291 lata
949 1254 1115 1291 canistra
1147 1259 1276 1291 tenet.

256 1312 349 1350 Inde
382 1311 450 1350 ubi
481 1317 541 1350 ter
573 1312 705 1362 fruges
738 1311 885 1350 medios
916 1313 1076 1349 immisit
1106 1312 1146 1349 in
1178 1313 1301 1363 ignis,

314 1370 484 1420 Porrigit
514 1371 657 1408 incisos
689 1369 765 1407 filia
796 1381 912 1420 parva
944 1369 1070 1408 favos.

258 1427 351 1466 Vina
384 1433 519 1466 tenent
550 1428 642 1466 alii:
686 1427 856 1467 libantur
889 1428 1037 1478 singula
1069 1428 1257 1479 flammis;

318 1487 532 1537 Spectant,
565 1491 603 1524 et
634 1485 776 1536 linguis
809 1485 969 1524 candida
1001 1485 1114 1524 turba
1146 1486 1269 1524 favet.

171 1553 236 1585 655
259 1545 463 1595 Spargitur
496 1549 535 1582 et
566 1556 678 1583 caeso
711 1545 927 1582 communis
959 1543 1165 1582 Terminus
1198 1555 1322 1595 agnO,

315 1602 395 1641 Nec
428 1604 635 1653 queritur,
668 1602 814 1640 lactans
846 1614 934 1640 cum
967 1601 1040 1640 sibi
1071 1613 1188 1653 porca
1220 1601 1355 1640 datur.

257 1661 529 1711 Conveniunt,
561 1659 838 1710 celebrantque
870 1660 986 1710 dapes
1018 1661 1157 1698 vicinia
1189 1660 1374 1711 simplex,

315 1719 364 1757 Et
397 1723 552 1757 cantant
583 1718 745 1769 laudes,
776 1718 959 1756 Termine
991 1724 1152 1769 sancte,
1183 1723 1293 1756 tuas:

258 1775 340 1815 ‘Tu
372 1776 535 1828 populos
567 1776 764 1827 urbesque
798 1782 836 1815 et
867 1788 985 1827 regna
1016 1777 1186 1826 ingentia
1218 1776 1328 1815 finis:

171 1845 237 1875 660
318 1840 452 1873 Omnls
485 1835 560 1873 erit
591 1836 673 1873 sine
706 1841 743 1873 te
775 1834 966 1885 litigiosus
998 1847 1110 1885 ager.

258 1893 370 1932 Nulla
402 1893 479 1941 tibi⁵
505 1892 662 1931 ambitio
696 1898 782 1943 est,
814 1892 919 1931 nullo
952 1892 1217 1943 corrumperis
1247 1904 1365 1943 auro,

317 1951 504 2002 Legitima
537 1963 666 1990 servas
700 1951 846 1989 credita
877 1963 969 1989 rura
1001 1951 1101 1989 fide.

262 2010 303 2048 Si
335 2016 377 2048 tu
410 2011 604 2060 signasses
637 2009 726 2047 olim
759 2008 991 2060 Thyreatida
1023 2015 1190 2060 terram,

318 2068 490 2119 Corpora
521 2079 599 2106 non
631 2067 708 2106 leto
740 2068 855 2105 missa
888 2072 1062 2106 trecenta
1093 2067 1244 2118 forent,

173 2135 239 2166 665
260 2125 340 2165 Nec
373 2127 474 2165 foret
506 2125 722 2177 Othryades
754 2127 947 2176 congestis
978 2125 1103 2163 lectus
1134 2126 1174 2163 in
1207 2126 1346 2163 armis.

319 2184 349 2223 Ο
383 2190 571 2236 quantum
602 2185 748 2235 patriae
782 2184 979 2234 sanguinis
1010 2183 1073 2221 ille
1107 2182 1233 2222 dedit!

262 2242 362 2288 Quid
382 2274 392 2293 ,
424 2255 520 2282 nova
553 2254 641 2281 cum
673 2243 812 2281 fierent
843 2241 1026 2293 Capitolia
1047 2238 1068 2279 ⁶?
1111 2253 1249 2292 nempe
1285 2240 1445 2279 deorum

319 2300 466 2339 Cuncta
499 2300 578 2339 Iovi
610 2302 728 2339 cessit
759 2299 872 2339 turba
892 2331 902 2351 ,
935 2299 1141 2350 locumque
1174 2299 1297 2338 dedit.
