1601 2484
196 72 252 112 14
749 70 973 102 TRISTIUM

314 179 545 218 Pectoribus
578 182 766 228 quantum
797 182 840 215 tu
872 177 1045 228 nostris,
1076 187 1204 227 uxor,
1235 174 1438 225 inhaeres,

315 238 437 288 Digna
468 238 597 275 minus
629 237 772 273 misero
791 266 803 286 ,
834 246 912 272 non
944 234 1103 272 meliore
1134 234 1240 272 viro.

275 304 295 334 5
316 296 370 333 Te
402 306 487 333 mea
520 294 720 343 supposita
751 292 872 331 veluti
902 291 1011 331 trabe
1043 292 1137 330 fulta
1170 293 1282 330 ruina
1315 297 1395 328 est:

317 351 452 402 Siquid
486 351 611 390 adhuc
645 362 715 401 ego
748 362 864 402 sum,
896 351 1069 389 muneris
1102 361 1215 387 omne
1248 350 1305 387 tui
1337 353 1418 386 est.

316 411 375 448 Tu
408 410 502 448 facis
522 440 532 460 ,
563 414 607 447 ut
640 408 806 459 spolium
838 420 916 446 non
948 409 1048 459 sim,
1091 420 1162 446 nec
1194 407 1319 445 nuder
1352 405 1398 444 ab
1430 404 1528 458 illis,

315 468 514 518 Naufragii
545 466 694 506 tabulas
727 468 793 517 qui
824 467 972 517 petiere
1003 467 1102 504 mei.

317 526 445 577 thue
477 537 594 576 rapax
627 524 850 563 stimulante
883 524 982 562 same
1015 523 1259 575 cupidusque
1292 523 1445 561 cruoris

256 593 298 623 10
330 583 615 623 Incustoditum
648 588 776 633 captat
807 581 904 620 ovile
935 582 1074 634 lupus,

317 644 394 681 Aut
425 648 469 681 ut
500 641 595 680 edax
627 641 757 679 vultur
791 652 932 691 corpus
965 640 1231 689 circumspicit
1262 638 1412 688 ecquod

321 700 401 739 Sub
434 699 538 738 nulla
569 701 740 750 positum
773 709 934 737 cernere
966 699 1091 749 possit
1121 697 1263 748 humo,

321 758 384 797 Sic
416 770 502 796 mea
533 759 665 796 nescio
699 758 786 807 quis
805 788 815 808 ‚
847 755 966 794 rebus
997 755 1096 794 male
1127 754 1227 793 fidus
1260 754 1433 805 acerbis,

318 816 362 854 In
393 815 494 855 bona
526 822 715 854 venturus
734 845 744 865 ,
777 816 809 852 si
839 820 1018 865 paterere
1037 844 1048 865 ‚
1080 813 1176 851 fuit.

258 882 299 913 15
320 874 433 913 Hunc
465 880 531 913 tua
562 885 632 924 per
667 871 779 910 sortis
818 874 941 911 virtus
974 873 1182 910 summovit
1214 872 1380 922 amicos,

320 932 433 971 Nulla
466 931 606 982 quibus
638 931 749 969 reddi
780 932 902 982 gratia
934 930 1048 981 digna
1078 935 1230 980 potest.

321 990 424 1041 Ergo
458 1002 572 1040 quam
604 991 777 1041 misero,
809 995 886 1027 tam
919 1000 1010 1027 vero
1043 993 1142 1026 teste
1175 986 1376 1038 probaris,

321 1049 392 1087 Hic
425 1047 578 1099 aliquod
611 1047 763 1098 pondus
796 1048 828 1085 si
859 1046 973 1085 modo
1005 1048 1116 1085 testis
1148 1045 1286 1084 habet.

322 1106 402 1145 Nec
434 1106 627 1158 probitate
660 1111 725 1144 tua
757 1107 865 1156 prior
897 1110 957 1143 est
988 1109 1055 1143 aut
1085 1103 1266 1143 Hectoris
1298 1114 1419 1155 uxor,

258 1173 302 1204 20
323 1166 399 1203 Aut
431 1176 560 1203 comes
593 1165 765 1202 extincto
797 1162 1000 1200 Laodamia
1033 1164 1139 1200 viro.

323 1223 382 1262 Tu
416 1224 448 1261 si
479 1222 697 1260 Maeonium
730 1227 854 1259 vatem
887 1223 1023 1258 sortita
1055 1221 1221 1271 fuisses,

324 1281 540 1331 Penelopes
573 1285 677 1318 esset
708 1280 806 1317 sama
840 1279 1010 1317 secunda
1042 1284 1152 1317 tuae.

260 1348 303 1379 33
325 1340 454 1378 Prima
486 1338 614 1377 locum
648 1343 800 1376 sanctas
831 1336 1011 1375 heroidas
1044 1337 1144 1374 inter
1176 1334 1362 1387 haberes,

261 1406 305 1437 34
324 1398 452 1436 Prima
484 1396 596 1434 bonis
629 1397 746 1434 animi
778 1396 1051 1446 conspicerere
1084 1395 1163 1433 tui:

327 1456 415 1494 Sive
447 1454 517 1493 tibi
548 1454 622 1492 hoc
655 1453 773 1492 debes
795 1485 805 1504 ,
836 1453 941 1491 nullo
973 1454 1035 1503 pia
1067 1452 1166 1491 facta
1198 1453 1406 1503 magistro,

327 1513 502 1563 Cumque
535 1524 633 1550 nova
663 1523 793 1550 mores
825 1516 917 1550 sunt
948 1510 1018 1549 tibi
1050 1509 1136 1548 luce
1169 1510 1269 1562 dati,

264 1580 306 1611 25
328 1571 487 1610 Femina
519 1583 586 1609 seu
620 1571 804 1620 princeps
837 1580 972 1607 omnes
1003 1568 1075 1607 tibi
1107 1568 1208 1607 culta
1240 1580 1311 1619 per
1343 1579 1463 1606 annos

327 1630 382 1668 Te
415 1629 528 1668 docet
560 1628 779 1679 exemplum
811 1628 986 1677 coniugis
1019 1639 1103 1665 esse
1136 1626 1283 1677 bonae,

328 1687 631 1737 Adsimilemque
665 1687 725 1725 sui
756 1685 868 1736 longa
901 1684 1156 1723 adsuetudine
1189 1685 1304 1736 fecit,

330 1746 495 1785 Grandia
528 1746 562 1784 si
592 1746 720 1796 parvis
753 1742 983 1782 adsimulare
1014 1742 1125 1780 licet.

329 1804 375 1843 Ei
394 1804 512 1855 mihi,
538 1815 615 1842 non
637 1813 794 1852 magnas
816 1801 917 1851 quod
943 1801 1088 1839 habent
1113 1813 1197 1839 mea
1224 1802 1394 1839 carmina
1419 1801 1540 1853 vires,

267 1873 311 1903 30
330 1863 549 1912 Nostraque
582 1867 673 1900 sunt
704 1861 854 1898 meritis
886 1871 952 1897 ora
985 1861 1134 1897 minora
1166 1861 1266 1910 tuis,

333 1920 469 1972 Siquid
502 1926 540 1958 et
570 1921 609 1958 in
641 1918 753 1957 nobis
784 1919 860 1956 vivi
890 1918 963 1956 fuit
995 1923 1081 1956 ante
1114 1918 1280 1968 vigoris,

333 1979 558 2018 Extinctum
590 1977 714 2028 longis
747 1976 887 2015 occidit
919 1987 1031 2014 omne
1065 1974 1196 2014 malis!

269 2048 313 2078 35
336 2038 702 2086 Quantumcumque
736 2040 863 2073 tamen
897 2035 1104 2085 praeconia
1135 2039 1268 2072 nostra
1302 2032 1503 2084 valebunt,

335 2094 581 2136 Carminibus
612 2095 716 2132 vives
749 2099 903 2145 tempus
934 2094 974 2131 in
1006 2103 1119 2130 omne
1151 2093 1272 2131 meis.
