1575 2489
215 106 298 146 142
748 107 812 138 EX
836 106 994 139 PONTO

332 214 443 259 Quod
468 225 573 252 mare
593 244 604 265 ,
636 213 740 263 quod
771 213 886 252 tellus
905 244 916 265 ,
948 225 1096 265 appone
1115 245 1127 267 ,
1160 213 1262 265 quod
1290 213 1428 252 educat
1454 225 1542 266 aer,
1570 231 1574 235 ·

269 280 310 311 10
389 271 449 309 Nil
480 271 562 321 ibi,
596 271 698 321 quod
731 270 842 309 nobis
875 273 1098 323 esuriatur,
1132 273 1228 310 erit.

329 329 471 367 Nectar
503 334 542 367 et
573 328 834 381 ambrosiam,
865 329 997 368 latices
1030 330 1242 380 epulasque
1275 328 1460 381 deorum,

390 386 462 425 Det
492 386 587 425 mihi
618 387 787 425 formosa
819 398 913 425 nava
944 387 1103 426 Iuventa
1136 399 1276 439 manu,

330 444 416 483 Non
448 450 576 483 tamen
609 450 772 483 exacuet
803 450 962 495 torpens
995 457 1109 496 sapor
1140 446 1203 484 ille
1234 444 1426 496 palatum,

391 501 516 541 Stabit
547 508 585 540 et
616 504 656 541 in
689 502 885 541 stomacho
918 503 1070 553 pondus
1101 505 1227 542 inerte
1259 503 1347 541 diu.

269 568 309 598 15
331 560 434 599 Haec
467 572 537 611 ego
570 572 648 598 non
681 562 834 612 ausim,
867 573 956 599 cum
988 563 1066 599 sint
1098 562 1297 599 verissima
1317 592 1327 612 ,
1360 561 1481 599 cuivis

392 618 572 656 Scribere
592 650 602 669 ,
635 618 792 657 delicias
824 630 873 656 ne
905 618 1002 657 mala
1033 624 1166 657 nostra
1197 625 1330 657 vocet.

334 676 490 715 Scilicet
521 678 554 715 is
587 681 710 715 status
743 682 802 714 est
821 707 831 727 ,
863 688 906 714 ea
938 688 1071 715 rerum
1104 677 1227 715 forma
1258 688 1455 728 mearum,

390 734 546 772 Deliciis
578 735 695 773 etiam
726 736 848 785 possit
880 739 923 772 ut
954 746 1039 772 esse
1071 734 1203 773 locus!

333 792 501 831 Delicias
532 792 588 830 illi
618 804 758 843 precor
790 792 859 830 has
892 794 1118 843 contingere
1137 824 1149 845 ,
1181 793 1303 843 siquis

270 859 312 890 20
391 850 447 888 Ne
479 850 574 888 mihi
605 852 655 889 sit
685 850 807 888 levior
840 849 1014 888 Caesaris
1045 851 1102 889 ira
1121 881 1131 901 ,
1163 852 1296 889 timet.

332 907 367 947 Is
395 920 573 960 quoque,
607 909 673 958 qui
698 908 831 959 gracili
858 908 968 947 cibus
995 914 1054 947 est
1079 910 1119 947 in
1146 920 1333 960 corpore,
1360 920 1542 960 somnus,

390 966 476 1005 Non
508 966 575 1005 alit
606 966 733 1004 officio
767 978 908 1017 corpus
941 968 1053 1004 inane
1087 979 1180 1005 suo.

334 1023 410 1063 Sed
443 1024 556 1074 vigilo
575 1055 586 1076 ,
618 1024 855 1075 vigilantque
888 1026 964 1063 mei
995 1026 1078 1063 sine
1110 1026 1186 1063 fine
1219 1024 1396 1076 dolores,
1488 1032 1543 1065 (34)

393 1081 568 1127 Quorum
600 1084 800 1120 materiam
832 1082 896 1121 dat
927 1082 1036 1120 locus
1067 1084 1150 1133 ipse
1182 1082 1299 1121 mihi.

272 1147 313 1178 25
336 1139 405 1178 Vix
436 1141 555 1189 igitur
586 1141 713 1190 possis
744 1142 846 1178 visos
880 1152 1090 1190 agnoscere
1124 1141 1275 1191 vultus,

393 1197 555 1248 Quoque
587 1199 706 1249 ierit,
739 1209 902 1248 quaeras
922 1229 932 1249 ,
965 1199 1029 1248 qui
1063 1198 1136 1236 suit
1167 1203 1255 1236 ante
1288 1198 1418 1236 color.

333 1255 478 1294 Parvus
511 1257 550 1294 in
583 1255 702 1294 exiles
734 1267 852 1295 sucus
885 1255 980 1294 mihi
1011 1258 1189 1306 pervenit
1220 1262 1351 1308 artus,

391 1313 642 1364 Membraque
675 1319 766 1352 sunt
798 1326 886 1352 cera
918 1313 1116 1364 pallidiora
1148 1326 1266 1352 nova.

334 1371 419 1410 Non
451 1372 545 1410 haec
577 1371 771 1410 inmodico
804 1373 980 1410 contraxi
1011 1372 1148 1411 damna
1181 1371 1328 1423 Lyaeo:

270 1439 313 1469 30
394 1430 508 1481 Scis,
541 1430 635 1468 mihi
667 1442 781 1480 quam
815 1430 917 1468 solae
950 1442 1071 1481 paene
1105 1430 1286 1469 bibantur
1319 1442 1462 1481 aquae.

333 1488 418 1526 Non
451 1488 575 1539 epuliS
609 1500 779 1527 oneror:
822 1500 986 1539 quarum
1018 1489 1052 1526 si
1084 1493 1217 1539 tangar
1250 1500 1403 1541 amore,

392 1546 463 1585 Est
494 1552 622 1584 tamen
653 1548 694 1584 in
727 1546 871 1585 Geticis
904 1547 1014 1596 copia
1045 1546 1149 1585 nulla
1181 1546 1298 1585 locis.

333 1604 413 1643 Nec
446 1605 547 1642 vires
580 1605 713 1643 adimit
744 1604 906 1642 Veneris
938 1604 1120 1642 damnosa
1153 1604 1352 1655 voluptas:

391 1662 476 1700 Non
510 1662 607 1700 solet
638 1664 677 1700 in
710 1668 877 1701 maestos
908 1662 971 1701 illa
1004 1664 1135 1701 venire
1169 1668 1299 1701 toros.

271 1729 313 1760 35
333 1720 444 1759 Unda
476 1720 664 1770 locusque
696 1726 840 1759 nocent
872 1726 910 1759 et
941 1732 1057 1759 causa
1088 1721 1277 1759 valentior
1308 1722 1415 1772 istis,

392 1779 573 1817 Anxietas
605 1779 751 1830 animi,
785 1790 882 1829 quae
914 1778 1008 1816 mihi
1040 1791 1194 1829 semper
1225 1779 1356 1817 adest.

336 1836 442 1875 Hanc
474 1838 548 1875 nisi
579 1842 621 1876 tu
653 1838 798 1887 pariter
831 1836 946 1875 simili
978 1849 1066 1875 cum
1099 1837 1217 1875 fratre
1249 1836 1421 1888 levares,

392 1895 462 1933 Vix
494 1906 603 1933 mens
635 1896 817 1933 tristitiae
849 1901 982 1933 nostra
1015 1894 1169 1933 tulisset
1200 1907 1321 1933 onus.

334 1953 409 1991 Vos
443 1954 536 1991 estis
568 1953 690 1991 fracto
723 1952 837 1991 tellus
870 1965 947 1991 non
979 1952 1075 1991 dura
1107 1953 1288 2003 phaselo:

269 2020 313 2051 40
395 2010 596 2062 Quamque
628 2016 770 2062 negant
801 2011 941 2063 multi,
973 2023 1040 2050 vos
1072 2011 1166 2049 mihi
1198 2011 1308 2049 fertis
1340 2023 1476 2062 opem.

333 2070 448 2108 Ferte
467 2100 478 2120 ,
510 2081 679 2121 precor,
711 2081 865 2120 semper
884 2100 894 2120 ,
927 2070 1016 2119 quia
1048 2081 1202 2119 semper
1229 2068 1428 2119 egebimus
1458 2068 1542 2121 illa,
1573 2109 1575 2115 ⁴

393 2127 568 2166 Caesaris
600 2128 790 2166 offensum
822 2127 914 2165 dum
947 2127 1040 2165 mihi
1071 2139 1217 2165 numen
1248 2129 1344 2166 erit.

335 2185 410 2231 Qui
441 2187 620 2224 meritam
652 2185 763 2224 nobis
794 2186 971 2236 minuat,
1003 2197 1080 2223 non
1113 2186 1220 2224 finiat
1250 2186 1370 2237 iram,

394 2243 631 2295 Suppliciter
663 2250 812 2282 vestros
846 2244 1010 2294 quisque
1042 2249 1174 2294 rogate
1206 2243 1322 2282 deos.
