1575 2489
605 61 647 93 V.
674 63 846 94 92—159.
1310 58 1395 99 315

94 177 156 208 125
178 169 243 207 llle
277 168 343 207 ubi
375 180 438 208 res
471 168 567 207 caeli
599 169 752 220 tenuit,
785 168 961 219 solioque
993 174 1157 220 paterno

239 227 376 279 Sedit,
408 233 448 266 et
477 228 621 266 invicto
654 227 708 266 nil
740 226 828 266 Iove
861 228 986 265 maius
1019 232 1124 278 erat,

180 286 315 325 Sidera
346 287 568 337 nutricem,
602 286 767 324 nutricis
799 285 927 324 fertile
960 297 1083 324 cornu

237 344 374 395 Fecit,
407 344 510 395 quod
544 344 721 382 dominae
754 356 859 383 nunc
892 356 1049 394 quoque
1081 355 1222 382 nomen
1254 341 1395 381 habet.

179 402 434 441 l'raestitibus
471 402 592 441 Maiae
624 402 789 441 Laribus
820 403 950 441 videre
984 401 1177 440 Kalendae

96 469 159 499 130
239 461 354 499 Aram
387 463 572 500 constitui
604 473 799 512 parvaque
832 462 941 512 signa
973 460 1114 499 deum:

179 519 250 558 Ars
284 525 367 558 erat
397 519 460 558 illa
493 520 649 570 quidem
683 519 881 559 Curibus:
925 519 992 558 sed
1025 519 1139 569 longa
1169 523 1343 557 vetustas

237 577 439 630 Destruit,
473 583 512 616 et
544 590 634 616 saxo
667 578 781 629 longa
813 584 969 617 senecta
1001 583 1139 616 nocet,

179 636 301 675 Causa
332 641 461 676 tamen
494 638 612 687 positi
644 638 771 675 fuerat
803 638 1046 687 cognominis
1077 636 1177 687 illis,

237 694 347 740 Quod
382 701 581 746 praestant
612 695 735 734 oculis
768 697 896 734 onmia
927 701 1011 734 tuta
1043 696 1145 733 suis.

93 761 157 792 135
181 753 291 793 Stant
323 766 478 805 quoque
510 766 580 805 pro
614 754 725 793 nobis
744 785 754 805 ,
790 760 829 793 et
860 761 1048 805 praesunt
1078 751 1284 791 moenibus

907 811 1045 862 Urbis,

237 870 286 909 Et
318 876 409 910 sunt
440 876 667 921 praesentes
700 870 965 920 auxiliumque
998 871 1154 909 ferunt.

179 930 228 967 At
259 930 366 967 canis
398 935 486 967 ante
518 929 638 980 pedes
671 941 762 967 saxo
795 928 1006 967 fabricatus
1040 928 1177 967 eodem

239 986 400 1026 Stabat:
445 999 542 1038 quae
576 987 702 1026 standi
735 999 824 1026 cum
858 986 954 1026 Lare
988 999 1103 1026 causa
1136 983 1245 1025 suit?

180 1045 316 1085 Servat
348 1051 513 1097 uterque
548 1046 705 1085 domum
725 1077 736 1098 ‚
768 1046 924 1085 domino
958 1057 1114 1096 quoque
1147 1044 1247 1083 fidus

909 1110 1098 1155 uterque3

95 1170 159 1200 140
239 1162 413 1214 Compita
446 1169 554 1213 grata
586 1163 658 1201 deo
678 1195 688 1215 ,
721 1165 888 1214 compita
920 1168 1027 1214 grata
1060 1163 1168 1200 cani.

180 1220 384 1272 Exagitant
416 1227 455 1260 et
486 1221 560 1259 Lar
592 1227 632 1260 et
662 1221 776 1261 turba
809 1222 942 1260 Diania
974 1221 1104 1260 fures:

237 1280 551 1331 Pervigilantque
584 1279 732 1332 Lares,
765 1280 1073 1332 pervigilantque
1106 1290 1245 1317 canes.

180 1338 274 1377 Bina
306 1338 560 1389 gemellorum
593 1339 828 1390 quaerebam
861 1341 969 1390 signa
1002 1339 1165 1377 deorum

238 1396 394 1436 Viribus
427 1409 595 1437 annosae
628 1398 726 1437 facta
759 1398 903 1436 caduca
937 1396 1090 1436 morae!

96 1463 159 1494 145
181 1455 281 1494 Mille
314 1456 433 1494 Lares
467 1456 711 1507 Geniumque
745 1457 885 1504 ducis,
919 1458 985 1507 qui
1017 1454 1176 1494 tradidit
1208 1454 1318 1505 illos,

239 1514 340 1553 Urbs
371 1514 517 1566 habet,
550 1521 589 1553 et
619 1517 694 1553 vici
726 1517 885 1553 numina
916 1516 1018 1553 trina
1051 1513 1206 1552 colunt.

182 1573 266 1618 Quo
299 1573 404 1612 seror
424 1571 444 1612 ⁶?
488 1574 687 1624 Augustus
721 1575 865 1612 mensis
898 1573 993 1611 mihi
1025 1573 1210 1611 carminis
1243 1571 1359 1609 huius

239 1632 303 1671 Ius
336 1632 453 1671 habet
473 1663 481 1671 .
538 1633 688 1671 interea
720 1631 813 1671 Diva
845 1631 1018 1671 canenda
1050 1631 1156 1669 Bona
1189 1635 1271 1669 est.

182 1690 251 1729 Est
283 1691 404 1729 moles
437 1692 563 1730 nativa
595 1691 709 1743 loco,
741 1703 805 1730 res
838 1692 995 1730 nomina
1027 1690 1142 1728 fecit:

96 1757 160 1787 150
241 1750 445 1801 Appellant
478 1750 650 1801 Saxum3
682 1762 772 1800 pars
804 1749 905 1788 bona
937 1750 1080 1788 montis
1113 1759 1155 1786 ea
1188 1753 1269 1786 est.

183 1807 282 1846 Huic
314 1808 459 1847 Remus
492 1810 688 1847 institerat
720 1809 867 1847 frustra
887 1840 897 1859 ,
930 1820 1006 1860 quo
1040 1814 1216 1858 tempore
1250 1806 1360 1844 fratri

241 1867 368 1906 Prima
400 1867 596 1906 Palatinae
629 1868 738 1917 signa
770 1866 932 1905 dedistis
965 1877 1077 1906 aveS.

182 1925 342 1977 Templa
373 1925 510 1965 Patres
541 1925 618 1964 illic
651 1925 786 1964 oculos
818 1936 935 1963 exosa
966 1923 1097 1962 viriles

241 1984 399 2024 Leniter
431 1984 570 2024 acclini
602 1985 842 2023 constituere
874 1985 989 2034 iugo.

96 2050 161 2083 155
182 2043 340 2082 Dedicat
372 2043 466 2082 haec
499 2045 640 2082 veteris
674 2042 904 2082 Clausorum
936 2043 1105 2080 nominis
1137 2040 1276 2093 heres,

242 2101 422 2153 Virgineo
455 2102 606 2141 nullum
639 2114 803 2153 corpore
837 2113 948 2152 passa
981 2102 1131 2139 virum.

182 2161 288 2200 Livia
320 2163 520 2213 restituit,
552 2173 601 2199 ne
633 2173 712 2199 non
744 2161 892 2199 imitata
923 2161 1108 2198 maritum

242 2219 356 2258 Esset
387 2225 427 2258 et
458 2232 505 2259 ex
536 2221 642 2258 omni
673 2224 782 2271 parte
817 2224 950 2258 secuta
981 2219 1129 2257 vicem.

184 2279 344 2318 Postera
376 2291 465 2318 cum
496 2290 648 2318 roseam
679 2277 803 2330 pulsis
835 2276 1069 2329 Hyperionis
1101 2277 1218 2314 astris
