1575 2489
193 80 252 122 94
743 81 967 113 TRISTIUM

311 190 379 228 Illo
398 219 409 240 ‚
441 190 505 228 cui
537 194 676 240 paret,
708 189 840 227 mitius
872 186 977 226 orbis
1009 187 1146 226 habet.

313 247 471 286 Scilicet
502 253 546 285 ut
577 258 655 284 non
687 251 748 284 est
777 257 849 297 per
881 246 957 284 vim
989 244 1220 297 superabilis
1253 243 1343 296 ulli,

312 305 424 343 Molle
458 316 526 343 cor
558 303 604 342 ad
638 304 791 342 timidas
824 305 880 342 sic
912 303 1028 342 habet
1059 303 1122 342 ille
1154 314 1315 354 preces,

313 362 578 413 Exemploque
611 361 726 400 deum
745 393 756 414 ‚
788 361 929 412 quibus
962 372 1193 400 accessurus
1225 366 1264 398 et
1294 361 1378 411 ipse
1409 364 1495 412 est,

249 429 294 460 30
313 418 344 470 †
376 420 472 459 Cum
504 431 650 470 poenae
684 420 794 460 venia
825 419 936 471 plura
966 418 1137 470 roganda
1168 423 1319 470 petam.

316 478 356 516 Si
389 490 573 516 numeres
605 490 704 516 anno
738 477 839 516 soles
872 484 910 517 et
940 477 1071 516 nubila
1105 482 1208 528 toto,

315 536 492 574 Invenies
525 535 690 574 nitidum
723 537 879 587 saepius
911 547 997 574 esse
1030 536 1151 574 diem.

314 594 417 645 Ergo
449 606 497 632 ne
531 595 691 632 nimium
725 600 857 632 nostra
888 593 1032 632 laetere
1064 595 1200 641 ruina,

315 652 483 691 Restitui
516 651 711 703 quondam
742 663 805 690 me
837 663 992 703 quoque
1023 663 1138 702 posse
1170 656 1283 701 puta.

251 718 295 750 35
316 710 435 749 Posse
467 717 559 760 puta
592 710 675 748 fieri
694 741 705 761 ,
736 709 855 748 lenito
887 710 1063 760 principe
1095 708 1224 747 vultus

316 767 365 806 Ut
396 768 525 806 videas
558 768 683 807 media
717 769 838 806 tristis
871 769 911 806 in
943 766 1046 806 Urbe
1078 778 1209 817 meos,

318 826 442 876 thue
475 838 545 877 ego
579 832 615 864 te
648 825 797 864 videam
830 837 944 864 causa
976 826 1152 876 graviore
1183 824 1380 875 fugatum.

315 884 418 923 Haec
451 890 543 923 sunt
575 896 595 922 a
626 885 762 935 primis
794 886 969 934 proxima
1003 889 1086 921 vota
1118 883 1237 921 meis.

784 1011 933 1057 VIIII.

317 1116 348 1155 Ο
382 1122 447 1155 tua
479 1117 512 1154 si
544 1117 693 1154 sineres
725 1117 765 1154 in
797 1116 942 1154 nostris
975 1116 1130 1154 nomina
1162 1116 1254 1166 poni

318 1173 592 1225 Carminibus,
624 1175 775 1224 positus
808 1185 923 1224 quam
956 1173 1049 1211 mihi
1082 1185 1196 1224 saepe
1229 1171 1355 1211 fores!

317 1233 372 1271 Te
406 1244 586 1270 canerem
620 1231 743 1270 solum
764 1263 775 1283 ,
807 1232 937 1270 meriti
969 1243 1116 1270 memor
1135 1263 1146 1282 ,
1185 1232 1302 1282 inque
1334 1229 1472 1269 libellis

321 1291 516 1329 Crevisset
548 1292 630 1328 sine
665 1296 701 1328 te
735 1290 871 1341 pagina
903 1289 1006 1328 nulla
1040 1290 1134 1328 meis
1149 1319 1157 1328 -Α

278 1357 297 1389 5
320 1349 420 1395 Quid
453 1348 522 1387 tibi
555 1347 767 1400 deberem,
801 1354 879 1386 tota
911 1349 1080 1387 sciretur
1111 1349 1150 1387 in
1184 1346 1310 1399 Urbe,

319 1407 419 1446 Exul
451 1408 489 1445 in
523 1408 662 1445 amissa
695 1408 728 1445 si
761 1412 888 1445 tamen
920 1405 1024 1445 Urbe
1055 1405 1183 1457 legor.

319 1466 373 1504 Te
407 1477 592 1516 praesens
624 1466 758 1503 mitem
790 1470 953 1516 nosset,
985 1470 1022 1502 te
1055 1465 1180 1502 serior
1213 1469 1338 1514 aetas,

321 1523 472 1574 Scripta
506 1528 737 1561 vetustatem
770 1524 802 1560 si
836 1522 948 1560 modo
981 1528 1114 1560 nostra
1146 1522 1302 1572 ferunt,

320 1581 399 1620 Nec
432 1581 502 1620 tibi
534 1587 707 1619 cessaret
738 1580 876 1619 doctus
909 1579 1007 1619 bene
1041 1580 1172 1619 dicere
1204 1580 1348 1618 lector.

258 1648 299 1678 10
320 1639 391 1678 Hic
425 1645 461 1677 te
494 1645 644 1678 servato
679 1645 760 1677 vate
795 1645 970 1677 maneret
1000 1638 1148 1677 honor.

321 1698 496 1736 Caesaris
528 1703 587 1735 est
619 1699 787 1748 primum
820 1709 989 1747 munus,
1022 1696 1124 1747 quod
1157 1696 1336 1735 ducimus
1368 1707 1503 1748 auras3

321 1756 450 1794 Gratia
484 1762 571 1806 post
603 1767 762 1806 magnos
794 1761 853 1793 est
886 1754 954 1794 tibi
986 1754 1160 1793 habenda
1194 1755 1310 1793 deos.

322 1813 387 1852 llle
420 1814 525 1852 dedit
558 1815 697 1864 vitam3
728 1820 794 1863 tu,
827 1825 941 1863 quam
974 1813 1079 1851 dedit
1110 1813 1202 1864 ille,
1235 1813 1380 1864 tueris,

321 1872 370 1910 Et
402 1872 496 1910 sacis
528 1879 685 1923 accepto
719 1883 880 1910 munere
914 1883 1028 1923 posse
1062 1871 1160 1910 frui.

261 1939 301 1969 15
322 1931 497 1981 Cumque
529 1930 800 1981 perhorruerit
831 1942 943 1968 casus
975 1942 1064 1981 pars
1097 1930 1259 1968 maxima
1291 1934 1469 1980 nostros,

323 1989 416 2027 Pars
449 1990 563 2027 etiam
596 1988 701 2027 credi
735 1989 984 2039 pertimuisse
1019 1987 1132 2038 velit,

322 2047 652 2098 Naufragiumque
685 2058 815 2085 meum
849 2046 996 2085 tumulo
1029 2046 1215 2097 spectarit
1246 2044 1292 2083 ab
1325 2044 1424 2096 alto,

322 2105 401 2144 Nec
435 2105 585 2144 dederit
618 2106 723 2144 nanti
758 2117 825 2156 per
860 2104 956 2143 freta
989 2116 1099 2143 saeva
1133 2115 1310 2154 manum,

325 2163 567 2202 Seminecem
601 2163 729 2214 Stygia
762 2164 951 2201 revocasti
984 2162 1089 2201 solus
1122 2162 1167 2200 ab
1201 2161 1324 2201 unda.

260 2230 303 2261 20
324 2221 406 2260 Hoc
427 2233 606 2273 quoque,
627 2221 729 2272 quod
751 2232 942 2259 memores
962 2232 1170 2271 possumus
1192 2232 1300 2271 esse,
1326 2226 1434 2258 tuum
1454 2222 1531 2257 est.

323 2279 368 2318 Di
400 2279 470 2318 tibi
503 2292 542 2319 se
577 2279 750 2319 tribuant
781 2291 869 2323 cum
903 2279 1065 2318 Caesare
1099 2290 1251 2329 semper
1285 2279 1452 2316 amicos:
