1601 2484
480 81 545 112 111.
571 87 616 113 x1
635 82 788 113 41—xn
808 82 863 113 35.
1281 77 1335 119 57

617 211 719 258 XII.

124 304 285 355 Frigora
316 306 392 343 iam
423 304 579 355 zephyri
612 306 822 357 minuunt,
855 316 1034 356 annoque
1065 310 1224 356 peracto

122 363 292 413 Longior
323 364 492 413 antiquis
524 364 603 400 visa
635 362 799 401 Tomitis
831 363 979 414 hiems,

122 421 408 472 lnpositamque
441 420 515 459 sibi
547 422 615 471 qui
646 433 723 459 non
755 421 854 459 bene
885 420 1047 472 pertulit
1078 421 1237 472 Hellen,

121 479 312 530 Tempora
346 480 549 517 nocturnis
581 491 702 529 aequa
735 479 875 518 diurna
906 480 1021 519 facit.

80 545 100 576 5
121 537 198 575 Iam
231 537 369 575 violam
400 538 591 588 puerique
624 537 757 588 legunt
787 537 1008 588 hilaresque
1040 536 1215 588 puellae,

120 595 279 634 Rustica
313 607 410 646 quae
442 594 547 633 nullo
580 600 669 633 nata
701 601 856 634 serente
888 597 1017 646 venit3

122 653 315 704 Prataque
347 653 570 704 pubescunt
601 655 798 692 variorum
828 653 924 691 flore
957 653 1156 704 colorum,

120 711 360 762 Indocilique
392 711 533 762 loquax
565 717 723 762 gutture
756 716 891 749 vernat
922 712 1025 762 avis;

122 769 248 821 thue
281 770 400 808 malae
431 771 567 808 matris
599 772 747 808 crimen
779 770 976 820 deponat,
1007 768 1175 807 hirundo

60 837 102 867 10
125 828 206 867 Sub
238 828 415 867 trabibus
448 840 568 866 cunas
599 833 780 878 tectaque
812 839 929 878 parva
961 828 1075 879 facit3

120 886 330 937 Herbaque
349 917 360 938 ,
393 898 491 937 quae
524 886 636 924 latuit
668 885 893 924 Cerealibus
926 885 1065 924 obruta
1097 885 1239 937 sulcis,

119 944 210 983 Exit
241 951 279 983 et
310 945 495 995 expandit
526 943 639 982 molle
672 956 859 982 cacumen
891 943 1033 996 hum03

121 1003 285 1053 Quoque
318 1002 403 1041 loco
436 1008 494 1041 est
519 1004 637 1054 vitis,
669 1003 715 1041 de
754 1002 911 1053 palmite
944 1014 1096 1053 gemma
1134 1008 1339 1042 movetur:

119 1061 215 1100 Nam
246 1061 384 1112 procul
416 1073 437 1099 a
469 1060 602 1099 Getico
635 1061 747 1099 litore
779 1062 868 1099 vitis
900 1060 1033 1112 abest3

59 1128 99 1159 15
122 1120 285 1170 Quoque
317 1120 402 1158 loco
435 1124 494 1158 est
525 1119 642 1157 arbor
660 1150 670 1170 ,
713 1121 904 1170 turgescit
941 1121 980 1157 in
1012 1118 1152 1157 arbore
1184 1131 1338 1158 ramus:

120 1178 217 1216 Nam
249 1177 386 1228 procul
418 1190 438 1216 a
471 1177 616 1216 Geticis
647 1177 790 1216 finibus
823 1177 939 1216 arbor
971 1176 1102 1216 abest.

121 1236 207 1275 Otia
239 1248 343 1275 nunc
375 1238 493 1287 istic,
524 1237 746 1286 iunctisque
779 1248 824 1274 ex
858 1235 994 1274 ordine
1025 1235 1127 1274 ludis

121 1294 274 1333 Cedunt
305 1294 459 1333 verbosi
491 1293 647 1344 garrula
678 1293 778 1332 bella
810 1294 909 1332 fori.

121 1353 222 1392 Usus
255 1355 346 1403 equi
378 1365 482 1391 nunc
515 1357 602 1403 est,
634 1352 783 1391 levibus
815 1364 920 1390 nunc
952 1352 1100 1391 luditur
1133 1353 1274 1404 armis,

57 1420 100 1451 20
121 1411 232 1450 Nunc
264 1411 370 1462 pila,
402 1423 506 1449 nunc
539 1410 658 1449 celeri
692 1410 856 1449 volvitur
889 1410 982 1449 orbe
1015 1410 1203 1462 trochus,

120 1469 258 1521 Nunc,
298 1468 365 1508 ubi
396 1469 555 1520 perfusa
587 1474 648 1507 est
679 1468 763 1506 oleo
796 1467 949 1507 labente
968 1499 979 1520 ,
1010 1470 1193 1507 iuventus

120 1528 302 1566 Defessos
334 1533 443 1566 artus
475 1526 632 1577 Virgine
665 1528 808 1577 tinguit
839 1539 957 1577 aqua.

123 1586 269 1625 Scaena
301 1587 432 1637 viget,
464 1585 682 1635 studiisque
716 1586 824 1623 favor
856 1584 1093 1624 distantibus
1125 1585 1257 1637 ardet,

119 1644 274 1695 Proque
307 1643 434 1683 tribus
466 1649 651 1682 resonant
684 1649 793 1682 terna
826 1643 975 1682 theatra
1008 1644 1128 1682 foris.

57 1711 100 1742 25
121 1703 153 1742 Ο
187 1708 353 1754 quater,
385 1715 407 1740 o
440 1703 622 1753 quotIens
654 1714 732 1740 non
765 1707 825 1741 est
855 1713 1062 1741 numerare
1081 1733 1092 1754 ,
1125 1701 1304 1754 beatum,

119 1761 205 1800 Non
237 1761 444 1799 interdicta
476 1762 540 1799 cui
570 1759 662 1799 licet
694 1759 797 1799 Urbe
829 1760 929 1799 frui!

120 1821 169 1858 At
199 1819 294 1858 mihi
326 1821 494 1858 sentitur
525 1820 590 1857 nix
622 1831 742 1857 verno
774 1818 855 1857 sole
886 1818 1034 1871 soluta,

122 1878 306 1929 Quaeque
339 1878 425 1916 lacu
459 1877 556 1916 duro
588 1889 665 1915 non
698 1877 900 1916 fodiuntur
931 1889 1076 1928 aquae3

120 1936 201 1975 Nec
227 1948 332 1974 mare
360 1937 578 1974 concrescit
597 1935 742 1987 glacie,
768 1948 840 1974 nec
868 1941 910 1974 ut
935 1941 1047 1987 ante,
1073 1947 1143 1986 per
1164 1935 1340 1974 Histrum

60 2004 103 2034 30
126 1994 295 2034 Stridula
330 1994 578 2033 Sauromates
610 1994 783 2045 plaustra
814 1993 1009 2032 bubulcus
1041 1995 1141 2044 agit.

121 2054 314 2104 Incipient
344 2053 495 2103 aliquae
529 2059 659 2091 tamen
690 2052 767 2091 huc
799 2052 942 2091 adnare
975 2054 1153 2104 carinae,

121 2111 360 2162 Hospitaque
393 2112 433 2149 in
465 2111 579 2150 Ponti
610 2110 724 2150 litore
757 2112 899 2162 puppis
931 2112 1028 2150 erit.

123 2170 289 2208 Sedulus
321 2181 524 2208 occurram
557 2174 696 2208 nautae
715 2200 727 2221 ,
759 2169 939 2219 dictaque
973 2168 1119 2220 salute,

125 2228 224 2273 Quid
260 2229 416 2280 veniat,
448 2240 662 2279 quaeram,
695 2228 830 2278 quisve
863 2226 1052 2277 quibusve
1085 2226 1203 2265 lociS.

60 2295 102 2325 35
123 2286 190 2324 Ille
223 2286 378 2337 quidem
411 2288 552 2324 mirum
585 2287 626 2324 ni
657 2285 704 2324 de
736 2286 897 2335 regione
928 2286 1148 2336 propinqua
