1601 2484
607 82 652 114 11.
681 84 851 115 63-135.
1342 78 1398 119 25

180 191 322 230 Ultima
354 201 414 228 me
446 189 646 240 perdunt,
677 189 835 239 imoque
868 187 940 226 sub
972 199 1141 238 aequore
1174 188 1316 238 mergit

98 249 422 289 10'01ncolumem
455 249 599 286 totiens
631 259 706 285 una
738 246 908 297 procella
939 251 1084 284 ratem.

182 307 262 346 Nec
293 307 387 345 mihi
419 317 510 356 pars
542 307 678 344 nocuit
708 305 755 343 de
793 306 947 355 gurgite
979 316 1094 354 parva
1114 334 1125 356 ‚
1163 303 1231 342 sed
1264 313 1398 342 omnes

184 366 369 404 Pressere
401 364 476 402 11οο
507 363 650 402 fluctus
682 375 929 413 oceanusque
963 368 1100 413 caput.

185 424 263 462 Cur
295 423 438 473 aliquid
471 419 586 460 vidi?
624 433 695 460 cur
726 423 839 459 noxia
871 421 1016 459 lumina
1048 417 1157 458 feei?

187 482 265 521 Cur
295 480 535 531 imprudenti
566 481 719 530 cognita
753 479 865 530 culpa
896 476 1025 517 mihi?

100 549 164 580 105
186 541 336 578 Inscius
368 540 537 578 Actaeon
568 538 664 576 vidit
695 539 778 576 sine
810 542 918 575 veste
949 536 1135 574 Dianam:

184 598 330 636 Praeda
362 599 435 636 suit
467 596 627 635 canibus
660 608 737 634 non
770 597 899 634 minus
930 594 994 632 ille
1027 595 1108 632 suis
1127 624 1135 632 .

188 657 345 695 Scilicet
375 657 416 694 in
448 656 601 706 superis
634 656 749 692 etiam
782 655 937 692 fortuna
968 651 1108 690 luenda
1141 657 1221 703 est,

185 714 266 753 Nee
298 716 446 752 veniam
479 713 581 751 laeso
615 714 773 751 nurnine
806 723 918 749 casus
950 709 1089 748 habet.

185 772 250 810 1113
282 777 414 810 nostra
446 771 536 822 die,
570 783 644 821 qua
677 782 737 808 me
769 769 892 808 malus
924 767 1084 806 abstulit
1115 779 1250 818 error,

102 840 166 870 110
188 831 307 869 Parva
341 830 496 880 quidem
528 830 673 879 periit,
706 827 773 865 sed
807 829 889 865 sine
921 825 1006 864 labe
1039 826 1201 864 domus:

189 888 252 926 Sic
285 900 440 938 quoque
474 898 588 938 parva
620 891 749 924 tamen
768 917 778 936 ,
811 886 936 935 patrio
970 885 1121 923 dicatur
1153 889 1197 922 ut
1228 895 1318 922 arvo

186 946 296 985 Clara
327 958 400 984 nec
432 945 548 984 ullius
580 943 780 982 nobilitate
812 945 963 994 minor,

187 1004 236 1042 Et
268 1016 394 1054 neque
427 1003 569 1041 divitiis
602 1014 675 1040 nec
706 1007 936 1053 paupertate
970 1000 1160 1051 notand33

189 1062 315 1112 [Unde
348 1063 398 1100 sit
429 1063 467 1099 in
500 1066 685 1099 neutrum
718 1059 1019 1111 conspiciendus
1052 1071 1195 1110 eques.

103 1130 167 1159 115
189 1121 230 1159 Si
262 1132 417 1171 quoque
449 1131 565 1170 parva
597 1119 735 1157 domus
767 1118 827 1156 vel
859 1129 980 1156 censu
1011 1123 1146 1156 nostra
1177 1116 1237 1155 vel
1270 1122 1354 1155 astu
1371 1116 1400 1169 ‚]

188 1178 346 1229 Ingenio
379 1184 485 1216 certe
518 1189 595 1215 non
627 1176 719 1215 latet
750 1176 813 1214 illa
844 1188 955 1214 meo,

190 1236 274 1282 Quo
307 1236 438 1274 videar
471 1236 644 1286 quamvis
677 1236 838 1273 nimium
871 1233 1102 1272 iuvenaliter
1134 1245 1253 1284 usus,

193 1294 344 1332 Grande
378 1301 507 1332 tamen
538 1299 619 1331 toto
651 1304 793 1331 nomen
826 1292 872 1330 ab
905 1291 1000 1330 orbe
1032 1292 1141 1343 sero,

189 1352 399 1402 Turbaque
431 1352 635 1390 doctorum
667 1350 860 1389 Nasonem
892 1351 999 1388 novit
1031 1356 1069 1388 et
1101 1349 1217 1388 audet

105 1419 170 1450 120
190 1410 275 1448 Non
307 1410 488 1448 fastiditis
520 1409 775 1447 adnumerare
808 1410 924 1446 viris.
1130 1410 1134 1413 ”

191 1468 348 1507 Corruit
379 1468 473 1506 haec
505 1468 624 1517 igitur
656 1467 776 1505 Musis
809 1471 966 1517 accepta
985 1497 995 1517 ,
1028 1465 1100 1504 sub
1133 1478 1235 1517 uno,

191 1527 266 1565 Sed
299 1538 376 1565 non
411 1527 549 1576 exiguo
583 1526 744 1563 crimine
776 1524 910 1575 lapsa,
943 1524 1106 1563 domus:

189 1587 314 1635 Atque
348 1596 391 1622 ea
423 1585 478 1622 sic
510 1583 615 1634 lapsa
647 1589 735 1634 est,
773 1588 817 1621 nt
848 1594 1011 1633 surgere
1030 1613 1041 1634 ‚
1073 1583 1105 1620 si
1137 1581 1251 1620 modo
1284 1582 1377 1621 laesi

191 1643 459 1681 Ematuruerit
490 1641 665 1680 Caesaris
697 1643 754 1679 ira
772 1673 783 1693 ,
816 1647 955 1691 queat:

106 1710 171 1740 125
193 1701 313 1740 Cuius
344 1702 384 1739 in
416 1706 557 1739 eventu
589 1711 737 1751 poenae
771 1699 976 1738 clementia
1007 1704 1113 1738 tanta
1146 1705 1228 1750 est,

192 1759 351 1798 Venerit
381 1764 426 1797 ut
456 1764 589 1797 nostro
622 1758 746 1796 lenior
777 1757 841 1796 illa
872 1763 1002 1796 metu.

190 1817 275 1856 Vita
308 1817 394 1855 data
427 1822 514 1868 est,
546 1818 720 1867 citraque
753 1828 890 1854 necem
922 1822 988 1854 tua
1020 1816 1196 1854 constitit
1227 1816 1307 1868 ira,

192 1875 223 1914 Ο
255 1877 438 1926 princeps
471 1887 587 1925 parce
619 1874 768 1913 viribus
801 1887 871 1913 use
903 1873 1003 1913 tuis!

191 1933 355 1984 Insuper
388 1933 607 1984 accedunt,
638 1939 676 1971 te
709 1945 786 1971 non
819 1933 1012 1971 adimente
1031 1964 1042 1984 ‚
1073 1938 1284 1983 paternae,

105 2000 171 2032 130
191 1992 403 2042 Tamquam
435 1993 510 2030 vita
542 2003 679 2042 parum
712 1992 887 2029 muneris
919 1996 1052 2038 esset,
1085 2002 1202 2040 opes.

192 2050 272 2088 Nee
303 2062 388 2088 mea
420 2049 578 2088 decreto
612 2049 802 2088 damnasti
835 2050 934 2088 facta
966 2055 1147 2100 senatuS,

193 2108 272 2146 Nec
304 2120 388 2146 mea
421 2108 564 2147 selecto
596 2108 725 2147 iudice
757 2110 862 2146 iussa
895 2108 985 2157 fuga
1016 2113 1098 2146 est:

194 2166 390 2205 Tristibus
422 2168 599 2205 invectus
631 2165 760 2205 verbis
790 2188 839 2193 —
875 2167 926 2204 ita
958 2166 1135 2216 principe
1168 2165 1327 2215 dignum
1355 2186 1409 2192 -

196 2224 305 2263 Ultus
338 2237 379 2263 es
413 2226 579 2263 offensas
599 2255 609 2275 ‚
641 2231 684 2263 ut
716 2224 858 2276 decet,
890 2225 972 2275 ipse
1006 2229 1116 2262 tuas.

108 2290 172 2322 135
193 2283 329 2334 Adde,
363 2284 466 2333 quod
499 2284 698 2334 edictum,
732 2283 907 2334 quamvis
938 2283 1086 2320 immite
1119 2283 1348 2333 minaxque,
