1575 2489
478 83 537 116 IV.
564 91 624 115 xil
648 85 815 116 19-X111
835 84 890 115 35.
1263 81 1343 121 207

618 214 744 260 XIII.

133 306 164 345 Ο
197 306 292 345 mihi
323 318 401 344 non
434 305 573 345 dubios
604 307 707 345 inter
738 306 988 345 memorande
1021 306 1193 356 sodales,

192 365 267 410 Qui
299 364 401 415 quod
435 376 505 415 es,
537 364 576 403 id
608 376 727 416 vere,
760 364 855 404 Care
875 396 886 417 ‚
918 366 1066 404 vocaris
1086 395 1096 415 ,
1129 375 1217 402 ave.

132 422 242 461 Unde
275 422 485 474 saluteris,
518 422 625 460 color
656 422 720 461 hic
751 423 822 461 tibi
854 424 1034 473 protinus
1066 422 1182 461 index

189 480 239 519 Et
270 486 468 519 structura
500 482 577 519 mei
609 482 792 519 carminis
825 493 910 519 esse
943 486 1094 531 potest.

92 546 111 577 5
131 538 217 576 Non
249 540 339 589 quia
370 539 533 577 mirifica
566 544 654 590 est,
686 539 754 577 sed
784 539 887 590 quod
919 551 991 577 nec
1023 538 1177 590 publica
1216 542 1345 575 certe:

191 596 323 642 Qualis
355 597 458 635 enim
490 609 658 647 eumque
692 602 778 649 est,
810 609 888 635 non
920 597 1013 636 latet
1044 608 1129 635 esse
1162 607 1308 634 meam.

131 654 218 705 Ipse
250 667 435 707 quoque,
467 661 511 694 ut
542 655 700 694 titulum
733 655 888 694 chartae
920 655 967 693 de
1000 655 1128 693 fronte
1160 652 1346 704 revellas,

191 712 303 758 Quod
335 715 385 751 sit
417 725 543 764 opus,
575 713 710 751 videor
742 714 872 752 dicere
904 725 1019 764 posse
1039 744 1049 763 ,
1081 717 1216 751 tuum.

133 770 354 815 Quamlibet
384 773 425 809 in
456 771 588 810 multis
620 773 772 822 positus
804 783 967 810 noscere
999 770 1162 820 libellis,

69 837 112 868 10
189 829 343 880 Perque
376 829 600 868 observatas
631 831 831 868 inveniere
862 834 997 867 notas.

130 886 303 926 Prodent
335 894 533 926 auctorem
565 889 691 936 vires,
724 899 820 938 quas
852 886 1020 926 Hercule
1053 886 1187 937 dignas

189 945 375 984 Novimus
407 951 522 997 atque
554 945 639 997 illi,
671 957 787 996 quem
820 947 956 997 canis,
989 957 1075 984 esse
1107 956 1244 995 pares.

128 1002 180 1042 Et
210 1015 296 1042 mea
326 1003 436 1043 Musa
466 1009 597 1055 potest
627 1005 786 1055 proprio
820 1004 1012 1055 deprensa
1043 1002 1199 1054 colore,

189 1061 356 1112 Insignis
388 1063 490 1101 vitiis
522 1063 686 1101 forsitan
718 1074 803 1100 esse
837 1063 941 1101 suis.

70 1127 111 1158 15
132 1119 227 1158 Tam
259 1120 356 1158 mala
389 1120 596 1159 Thersiten
627 1120 858 1171 prohibebat
889 1121 1013 1159 forma
1044 1120 1164 1158 latere
1184 1151 1194 1171 ‚
1268 1127 1344 1158 (138)

191 1177 313 1222 Quam
345 1177 507 1228 pulchra
539 1178 681 1217 Nireus
714 1178 1014 1230 conspiciendus
1047 1184 1151 1217 erat.

131 1236 211 1274 Nec
243 1241 281 1274 te
312 1238 476 1288 mirari,
509 1238 542 1275 si
573 1238 651 1275 sint
681 1238 846 1289 vitiosa,
879 1236 1033 1275 decebit

190 1294 397 1346 Carmina,
430 1306 528 1345 quae
560 1295 697 1333 faciam
728 1307 851 1346 paene
884 1299 996 1345 poeta
1030 1294 1167 1333 Getes.

131 1352 184 1392 A!
216 1353 366 1403 pudet,
398 1359 437 1391 et
468 1352 602 1392 Getico
635 1355 775 1404 scripsi
808 1365 985 1392 sermone
1018 1353 1214 1402 libellum,

68 1419 112 1450 20
192 1411 427 1462 Structaque
460 1416 552 1450 sunt
583 1413 729 1449 nostris
760 1411 923 1450 barbara
955 1411 1072 1450 verba
1104 1411 1249 1449 modis.

132 1468 181 1508 Et
212 1469 362 1521 placui,
387 1491 434 1496 —-
453 1476 605 1520 gratare
639 1469 733 1507 mihi
759 1491 804 1496 —
830 1471 1018 1520 coepique
1050 1475 1187 1520 poetae

189 1527 297 1566 Inter
327 1528 560 1566 inhumanos
593 1539 734 1566 nomen
766 1527 909 1566 habere
943 1527 1080 1566 Getas.

132 1585 331 1624 Materiam
364 1587 518 1637 quaeris
538 1583 559 1624 ‘?
602 1585 735 1624 laudes
768 1586 815 1624 de
849 1585 1011 1624 Caesare
1044 1586 1145 1624 dixi.

191 1644 331 1682 Adiuta
363 1650 423 1683 est
453 1645 602 1683 novitas
634 1646 793 1683 numine
826 1650 959 1683 nostra
991 1644 1075 1683 dei.

69 1710 111 1741 25
131 1702 228 1740 Nam
259 1704 380 1753 patris
410 1703 577 1754 Augusti
608 1703 722 1741 docui
754 1702 915 1741 mortale
949 1703 1069 1741 fuisse

192 1760 342 1810 Corpus
360 1791 371 1812 ‚
402 1762 443 1799 in
475 1761 666 1799 aetherias
698 1773 844 1800 numen
875 1760 1001 1800 abisse
1034 1761 1191 1800 domos:

133 1818 229 1858 Esse
261 1831 396 1870 parem
428 1820 570 1858 virtute
602 1820 733 1871 patri,
765 1821 833 1870 qui
864 1820 973 1858 frena
1005 1825 1162 1871 rogatus

193 1877 315 1928 Saepe
347 1879 517 1916 recusati
550 1879 698 1927 ceperit
730 1879 906 1929 imperii.

133 1934 230 1974 Esse
261 1935 491 1986 pudicarum
523 1940 562 1974 te
593 1935 748 1974 Vestam
767 1966 778 1988 7
810 1935 915 1974 Livia
935 1967 945 1987 ,
978 1942 1168 1987 matrum,

72 2002 114 2032 30
192 1994 425 2044 Ambiguum
444 2026 455 2046 ‚
486 2000 575 2032 nato
609 1994 762 2045 dignior
781 2025 791 2045 ‚
824 2006 922 2032 anne
955 1995 1036 2032 viro
1056 2025 1064 2032 .

134 2051 229 2091 Esse
262 2053 359 2091 duos
391 2054 552 2091 iuvenes
571 2084 582 2104 ,
613 2053 724 2091 firma
755 2052 976 2091 adiumenta
1007 2053 1204 2104 parentis,

193 2111 268 2156 Qui
300 2110 478 2150 dederint
509 2112 628 2149 animi
658 2113 820 2162 pignora
852 2115 957 2149 certa
989 2112 1076 2149 sui.

133 2168 236 2208 Haec
268 2168 335 2208 ubi
366 2181 443 2208 non
474 2171 598 2221 patria
629 2169 779 2220 perlegi
810 2171 955 2220 scripta
987 2168 1174 2220 Camena,

192 2226 304 2266 Venit
336 2235 374 2267 et
405 2227 451 2267 ad
484 2229 625 2279 digitos
657 2228 792 2267 ultima
824 2227 956 2266 charta
987 2239 1118 2279 meos,

72 2292 114 2323 35
134 2284 183 2324 Et
215 2291 330 2337 caput
362 2292 400 2325 et
430 2286 564 2338 plenas
598 2298 732 2326 omnes
764 2298 921 2325 movere
954 2285 1178 2338 pharetras,
