1575 2489
503 65 548 97 Π.
576 73 625 97 111
646 68 805 98 51—1111
825 67 880 98 20.
1274 63 1353 104 151

143 173 249 212 Inter
281 172 504 211 confessum
537 171 652 210 dubie
686 171 880 223 dubieque
913 177 1119 223 negantem

202 229 416 269 Haerebam
434 260 445 281 ‚
477 230 634 280 pavidas
665 230 779 269 dante
812 232 951 269 timore
984 237 1118 280 notas,

144 288 408 339 Exemploque
441 290 540 327 nivis
559 320 570 339 ‚
603 301 718 339 quam
750 289 874 327 mollit
906 290 1108 340 aquaticus
1141 294 1298 339 auster,

79 356 124 387 90
203 347 319 385 Gutta
351 358 421 397 per
453 348 636 385 attonitas
668 347 747 386 ibat
779 347 916 386 oborta
946 359 1088 397 genas.

143 405 246 443 Haec
279 406 398 455 igitur
430 406 605 443 reserens
638 411 677 444 et
709 406 811 456 quod
843 417 928 444 mea
960 406 1122 444 crimina
1155 406 1270 457 primi

202 463 358 501 Erroris
391 464 501 501 venia
532 475 647 514 posse
680 463 800 502 latere
832 464 962 515 vides,

144 522 321 572 Respicis
353 523 557 572 antiquum
589 521 700 560 lassis
732 524 772 560 in
804 521 922 560 rebus
955 523 1148 573 amicum,

203 579 480 630 Fomentisque
513 581 621 618 iuvas
653 580 813 619 vulnera
844 586 977 619 nostra
1009 581 1113 619 tuis.

81 646 124 677 95
144 638 219 676 Pro
253 637 394 688 quibus
427 638 585 689 optandi
616 639 649 677 si
680 638 793 677 nobis
825 640 935 689 copia
968 639 1056 689 fiat,

203 696 297 734 Tam
329 696 427 734 bene
459 699 672 747 promerito
705 697 906 735 commoda
937 696 1040 735 mille
1073 707 1235 746 precor.

147 754 224 793 Sed
258 756 291 792 si
323 755 403 792 sola
434 755 529 793 mihi
560 755 702 794 dentur
734 760 800 794 tua
832 760 919 793 vota
938 785 948 805 ,
980 753 1194 805 precabor,

205 812 254 851 Ut
287 812 359 851 tibi
391 814 442 852 sit
473 813 576 851 salvo
609 813 772 851 Caesare
805 813 906 851 salva
938 824 1102 863 parens.

145 870 248 909 Haec
282 883 352 921 ego
372 902 383 922 ,
415 883 504 910 cum
536 871 685 909 faceres
717 871 850 909 altaria
883 872 1042 921 pinguia
1074 876 1186 921 ture,

60 937 125 969 100
204 929 258 968 Te
291 929 448 968 solitum
480 930 640 968 memini
670 930 796 980 prima
828 941 966 980 rogare
998 929 1115 967 deos.

636 1057 742 1103 IIII.

147 1163 288 1213 Accipe
320 1161 572 1213 conloquium
603 1161 728 1213 gelido
760 1161 926 1200 Nasonis
958 1160 1004 1200 ab
1037 1161 1194 1214 Histro,

206 1221 356 1267 Attice,
393 1221 537 1259 iudicio
570 1233 648 1258 non
681 1220 892 1259 dubitande
924 1232 1036 1260 meo,

148 1278 298 1329 Ecquid
331 1278 456 1318 adhuc
488 1291 667 1317 remanes
699 1291 848 1317 memor
880 1278 1047 1317 infelicis
1079 1279 1216 1326 amici,

206 1338 358 1376 Deserit
390 1349 437 1376 an
469 1339 591 1388 partis
623 1337 803 1388 languida
835 1349 928 1376 cura
960 1334 1085 1375 suas?

113 1404 133 1434 5
154 1395 238 1434 Non
270 1397 321 1434 ita
354 1396 393 1434 di
424 1396 519 1434 mihi
550 1400 643 1434 sunt
674 1397 807 1434 tristes
826 1427 837 1447 ‚
866 1401 911 1434 ut
941 1395 1104 1434 credere
1136 1396 1283 1446 possim
1310 1403 1364 1436 (49)

207 1453 358 1504 Fasque
390 1459 524 1505 putem
555 1455 630 1492 iam
663 1459 700 1492 te
733 1466 811 1491 non
843 1455 1067 1492 meminisse
1101 1455 1201 1492 mei.

148 1513 246 1551 Ante
278 1512 413 1551 oculos
445 1517 601 1551 nostros
633 1517 699 1550 tua
730 1524 834 1550 nunc
853 1543 864 1563 ‚
896 1517 962 1550 tua
994 1524 1150 1563 semper
1181 1514 1330 1564 imago,

207 1570 256 1609 Et
286 1571 420 1609 videor
452 1570 581 1609 vultus
613 1576 743 1609 mente
776 1570 908 1609 videre
941 1575 1054 1609 tuos.

151 1629 260 1667 Seria
291 1629 411 1668 multa
443 1629 538 1668 mihi
569 1635 700 1668 tecum
733 1628 883 1667 conlata
915 1628 1126 1681 recordor,

89 1696 130 1726 10
208 1687 288 1726 Nec
320 1688 407 1726 data
438 1687 618 1726 iocundis
650 1693 826 1738 tempora
858 1699 979 1737 pauca
1012 1688 1130 1726 iocis.

151 1745 273 1796 Saepe
306 1747 404 1785 citae
436 1746 562 1796 longis
593 1747 697 1784 visae
731 1745 978 1784 sermonibus
1010 1745 1156 1796 horae,

209 1804 332 1856 Saepe
365 1805 438 1843 fuit
468 1804 624 1842 brevior
643 1836 654 1856 ‚
687 1816 802 1855 quam
835 1816 919 1843 mea
950 1803 1096 1856 verba,
1129 1804 1237 1842 dies.

152 1862 275 1913 Saepe
307 1869 394 1901 tuas
426 1864 532 1901 venit
563 1862 708 1901 factum
740 1862 854 1901 modo
888 1874 1044 1901 carmen
1076 1862 1123 1901 ad
1156 1864 1261 1901 auris

209 1921 258 1959 Et
289 1933 386 1960 nova
417 1921 561 1960 iudicio
594 1921 748 1960 subdita
779 1921 888 1960 Musa
920 1927 988 1960 tuo
1021 1927 1102 1960 est.

91 1986 131 2018 15
153 1979 264 2025 Quod
296 1984 339 2019 tu
371 1980 548 2019 laudaras
566 2010 578 2032 ‚
609 1979 753 2031 populo
785 1979 980 2031 placuisse
1011 1979 1220 2031 putabam.

210 2037 291 2077 Hoc
321 2040 493 2089 pretium
525 2050 641 2077 curae
673 2038 786 2076 dulce
818 2039 988 2077 recentis
1021 2043 1126 2076 erat.

151 2095 278 2146 thue
310 2108 420 2136 meus
451 2097 542 2136 lima
573 2109 686 2135 rasus
717 2096 816 2135 liber
849 2102 953 2135 esset
984 2097 1122 2147 amici,

212 2154 295 2193 Non
328 2155 448 2194 semel
479 2155 676 2194 admonitu
712 2155 812 2193 facta
843 2155 960 2194 litura
991 2160 1059 2193 tuo
1092 2160 1173 2193 est.

152 2211 230 2251 Nos
263 2213 345 2252 sora
375 2214 558 2253 viderunt
588 2215 765 2265 pariter,
797 2225 867 2252 nos
899 2214 1074 2264 porticus
1107 2214 1256 2265 omnis,

89 2278 133 2309 20
211 2270 288 2310 Nos
320 2273 408 2322 via,
439 2285 510 2312 nos
541 2274 686 2312 iunctis
719 2284 837 2311 curva
869 2272 1019 2311 theatra
1050 2271 1167 2311 locis.
