1575 2489
146 61 233 103 330
684 61 937 93 PASTORL'M

265 169 451 220 Displicet
480 168 617 207 heredi
648 167 817 206 mandati
849 180 942 206 cura
974 167 1192 218 sepulchri:

324 228 500 271 Mortuus
531 227 700 264 Ausonia
733 225 912 263 conditur
943 225 1084 276 hospes
1115 225 1256 277 humo,

267 285 425 335 Scirpca
456 296 526 334 pro
560 284 714 322 domino
746 282 879 321 Tiberi
908 284 1072 321 iactatur
1102 284 1250 333 imago,
1399 291 1473 322 (187)

178 352 245 383 660
324 342 373 381 Ut
404 347 555 392 repetat
586 340 718 379 Graias
749 352 820 390 per
850 340 949 379 freta
979 340 1091 391 longa
1122 336 1303 379 domos.'

266 400 493 451 Hactenus,
526 404 565 437 et
596 398 715 437 subiit
745 399 829 436 vivo
860 399 1031 436 rorantia
1063 409 1152 436 saxo

325 458 472 508 Antra,
505 457 608 495 leves
641 468 798 495 cursum
831 457 1070 495 sustinuistis
1103 468 1246 506 aquae.

514 547 578 588 15.
611 546 647 587 G
672 545 874 587 EID-N2
939 547 1001 587 16.
1034 545 1115 586 HF

492 606 555 645 17.
582 603 661 645 AC
727 605 790 646 18.
822 603 900 644 BC
968 604 1030 644 19.
1063 602 1137 645 CC

269 689 378 727 Clare
410 700 530 740 nepos
562 687 753 738 Atlantis,
786 686 898 726 ades!
945 698 1060 737 quem
1091 685 1288 725 montibus
1321 685 1411 724 olim

326 746 456 785 Edidit
487 746 660 784 Arcadiis
690 745 816 784 Pleias
847 744 923 784 uda
953 744 1056 783 Iovi:

181 814 249 844 665
271 805 382 844 Pacis
414 810 452 843 et
483 816 679 842 armorum
711 805 864 855 superis
894 804 1060 852 imisque
1093 801 1254 840 deorum

325 862 510 913 Arbiter,
542 862 639 900 alato
673 863 739 912 qui
770 861 868 912 pede
901 862 1027 911 carpis
1058 861 1156 898 iter:

269 921 384 960 Laete
415 921 518 971 lyrae
550 919 694 970 pulsu,
726 919 847 958 nitida
879 930 1032 969 quoque
1065 917 1162 956 laete
1195 917 1406 968 palaestra,

328 978 411 1023 Quo
445 978 579 1016 didicit
611 977 713 1016 culte
744 977 874 1027 lingua
905 976 1068 1014 docente
1100 975 1229 1026 loqui:

271 1035 429 1086 Templa
461 1035 531 1073 tibi
562 1047 729 1086 posuere
760 1040 890 1086 patres
923 1035 1135 1084 spectantia
1167 1033 1324 1071 Circum

182 1103 250 1133 670
330 1093 492 1144 Idibus3
525 1105 571 1131 ex
602 1092 666 1131 illo
699 1097 759 1131 est
788 1092 883 1130 haec
915 1091 985 1129 tibi
1017 1091 1114 1129 festa
1145 1090 1250 1128 dies.

270 1153 323 1190 Te
343 1182 353 1202 ,
386 1153 621 1202 quicumque
655 1162 743 1189 suas
774 1149 981 1201 profitetur
1012 1148 1179 1187 vendere
1211 1159 1384 1198 merces,

329 1210 432 1248 Ture
467 1209 584 1260 dam,
617 1209 766 1247 tribuas
797 1213 841 1247 ut
873 1207 947 1245 sibi
977 1206 1112 1258 lucra,
1145 1211 1303 1256 rogant.

271 1268 340 1306 Est
371 1279 469 1318 aqua
500 1266 684 1305 Mercurii
715 1271 849 1317 portae
879 1265 1004 1303 vicina
1036 1264 1234 1316 Capenae3

331 1326 371 1364 Si
402 1327 506 1364 iuvat
539 1326 708 1376 expertis
741 1324 900 1363 credere
920 1355 930 1375 ‚
962 1334 1104 1361 numen
1137 1321 1275 1360 hahet.

184 1394 250 1424 675
273 1384 356 1422 Huc
389 1385 493 1422 venit
524 1384 719 1422 incinctus
751 1383 922 1420 tunicam
953 1385 1175 1431 mercator,
1208 1385 1246 1418 et
1276 1390 1375 1418 urna

328 1443 459 1480 Purus
492 1441 647 1491 suffita,
681 1452 794 1492 quam
827 1440 953 1490 ferat,
984 1439 1114 1477 haurit
1145 1450 1305 1488 aquam.

273 1500 353 1538 Uda
384 1500 426 1538 fit
457 1499 547 1537 hinc
578 1499 711 1537 laurus
730 1529 740 1549 ‚
772 1498 880 1536 lauro
912 1502 1150 1548 sparguntur
1182 1495 1228 1534 ab
1260 1495 1335 1533 uda

330 1557 466 1596 Omnia
485 1588 495 1608 ,
528 1569 626 1607 quae
658 1557 835 1594 dominos
867 1561 957 1594 sunt
988 1554 1166 1592 habitura
1197 1564 1339 1591 novos.

273 1616 427 1666 Spargit
460 1620 498 1653 et
527 1616 610 1665 ipse
643 1627 734 1653 suos
766 1613 873 1651 lauro
905 1618 1062 1650 rorante
1095 1611 1276 1662 capillos,

186 1683 254 1713 680
332 1673 381 1712 Et
411 1674 561 1724 peragit
593 1672 702 1711 solita
735 1671 866 1710 fallere
898 1682 990 1708 voce
1022 1681 1184 1720 preces:

273 1728 409 1769 ‘Ablue
442 1732 643 1781 praeteriti
673 1731 844 1781 periuria
875 1729 1062 1779 temporis
1081 1723 1113 1778 ,²
1145 1728 1272 1778 inquit

330 1786 467 1827 ‘Ablue
499 1790 709 1840 praeterita
740 1786 885 1838 perfida
916 1785 1033 1824 verba
1065 1784 1148 1824 die!

274 1847 361 1886 Sive
395 1858 465 1898 ego
497 1852 535 1884 te
567 1847 642 1885 feci
672 1851 841 1897 testem,
873 1844 1016 1883 falsove
1048 1844 1163 1882 citavi

331 1905 417 1943 Non
451 1904 621 1943 audituri
652 1904 810 1943 numina
841 1913 977 1953 magna
1008 1901 1131 1952 Iovis3

186 1971 253 2003 685
276 1964 363 2002 Sive
396 1963 512 2001 deum
544 1962 717 2013 prudens
750 1960 866 2000 alium
898 1960 1070 1998 divamve
1102 1957 1242 2009 fefelli,

332 2021 574 2060 Abstulerint
605 2020 752 2059 celeres
784 2017 959 2069 improba
991 2017 1092 2055 dicta
1123 2017 1224 2054 noti.

273 2079 322 2118 Et
353 2084 509 2129 pateant
539 2080 718 2117 veniente
751 2077 811 2116 die
843 2076 1016 2126 periuria
1046 2073 1179 2125 nobis,

333 2137 412 2175 Nec
445 2142 584 2175 curent
615 2137 747 2186 superi
779 2136 888 2184 siqua
919 2133 1072 2171 locutus
1105 2143 1194 2170 ero.

276 2195 328 2233 Da
361 2194 474 2232 modo
505 2194 614 2233 lucra
646 2193 766 2244 mihi,
800 2192 846 2230 da
877 2191 976 2229 facto
1009 2190 1145 2240 gaudia
1176 2189 1308 2239 lucro,

187 2259 254 2291 690
328 2251 377 2291 Et
409 2252 498 2305 fac,
529 2258 573 2291 ut
604 2253 770 2304 emptori
800 2248 918 2288 verba
949 2248 1101 2287 dedisse
1134 2243 1283 2286 iuvet.'
