1601 2484
148 44 203 85 26
696 47 919 79 TRISTIUM

265 153 443 192 Attamen
476 154 516 191 in
548 165 694 204 poenae
727 155 881 191 nomine
915 153 1000 192 lene
1033 154 1129 193 fuit:

264 211 414 262 Quippe
448 211 640 260 relegatus
659 241 670 262 ,
702 223 779 249 non
811 212 900 250 exul
931 212 1038 250 dicor
1070 213 1110 250 in
1140 211 1230 265 illo,

266 269 452 319 PrIvaque
487 270 664 306 fortunae
697 274 788 307 sunt
819 269 872 307 ibi
904 270 1019 308 verba
1051 282 1181 308 meae.

264 327 375 364 Nulla
408 326 564 376 quidem
597 338 689 364 sano
722 328 873 376 gravior
906 330 1123 378 mentisque
1157 330 1307 378 potenti

179 392 243 423 140
266 384 393 422 Poena
425 390 512 436 est,
545 396 660 434 quam
693 391 798 422 tanto
831 385 1075 436 displicuisse
1108 387 1213 438 viro,

264 442 339 480 Sed
373 442 471 480 solet
502 442 699 481 interdum
730 443 814 481 fieri
845 443 1029 494 placabile
1063 456 1230 483 numen:

262 500 372 538 Nube
406 500 503 539 solet
533 500 643 551 pulsa
676 501 863 539 candidus
897 504 954 540 ire
986 501 1091 540 dies.

264 558 350 596 Vidi
382 571 452 609 ego
485 561 698 609 pampineis
731 566 927 597 oneratam
959 559 1102 598 vitibus
1129 559 1302 611 ulmum,

265 616 370 662 Quae
404 618 531 655 fuerat
563 618 666 654 saevi
699 617 858 655 fulmIne
892 623 992 655 tacta
1023 617 1145 656 lovis.

180 682 244 713 145
266 674 351 725 lpse
385 675 475 713 licet
507 687 665 725 sperare
698 681 804 713 vetes
824 706 834 726 ,
866 675 1110 726 sperabimus
1142 688 1290 728 usque;

263 732 344 771 Hoc
377 745 497 771 unum
530 734 613 771 fieri
645 740 681 771 te
714 732 945 783 prohibente
978 739 1127 784 potest.

264 790 361 841 Spes
387 790 481 829 mihi
507 803 643 841 magna
669 791 773 829 subit
790 821 800 840 ,
834 803 922 829 cum
949 797 1008 842 te,
1042 792 1245 830 mitissime
1270 793 1478 844 princeps,

266 848 362 899 Spes
396 849 518 900 mihi,
550 851 717 900 respicio
751 861 839 887 cum
871 861 955 887 mea
988 850 1115 901 sacta,
1148 850 1272 890 cadit.

264 908 318 945 Ac
351 907 470 945 veluti
502 909 626 952 ventis
658 907 892 958 agitantibus
925 911 1013 946 aera
1046 919 1123 945 non
1155 914 1215 947 est

180 973 246 1004 150
267 964 447 1015 Aequalis
479 964 607 1003 rabies
640 967 926 1016 continuusque
960 966 1098 1017 furor,

266 1023 340 1061 Sed
373 1023 487 1061 modo
520 1023 728 1062 subsidunt
758 1025 1049 1074 intermissique
1082 1023 1293 1076 silescunt,

264 1080 427 1131 Vimque
460 1087 574 1131 putes
606 1081 691 1119 illos
723 1082 950 1132 deposuisse
983 1094 1115 1120 suam:

265 1139 328 1177 Sic
359 1139 504 1177 abeunt
535 1139 779 1190 redeuntque
812 1141 887 1177 mei
920 1142 1145 1190 variantque
1179 1141 1362 1193 timores,

265 1197 313 1235 Et
345 1209 454 1248 spem
486 1197 661 1247 placandi
694 1197 863 1247 dantque
897 1204 1116 1248 negantque
1151 1199 1230 1236 tui.

181 1263 245 1294 155
267 1255 341 1293 Per
374 1267 538 1305 superos
570 1257 717 1306 igitur,
757 1258 823 1306 qui
855 1255 946 1294 dant
979 1255 1048 1294 tibi
1080 1255 1192 1306 longa
1225 1255 1449 1308 dabuntque

264 1313 484 1364 Tempora,
519 1313 734 1351 Romanum
768 1315 800 1351 si
833 1313 946 1351 modo
979 1326 1120 1352 nomen
1153 1321 1303 1365 amant,

265 1371 338 1409 Per
372 1373 563 1422 patriam,
596 1384 694 1422 quae
728 1378 765 1410 te
798 1368 879 1409 tuta
911 1378 950 1410 et
981 1384 1119 1410 secura
1151 1379 1311 1422 parente
1345 1380 1426 1424 est,

266 1429 415 1480 Cuius,
448 1436 490 1468 ut
522 1431 561 1467 in
592 1430 736 1480 populo
756 1461 766 1481 ,
797 1442 886 1480 pars
919 1442 989 1480 ego
1022 1442 1147 1480 nuper
1179 1442 1308 1482 eram,
1339 1453 1387 1458 —-

266 1487 329 1525 Sic
364 1487 460 1537 tibi,
494 1500 609 1538 quem
642 1500 796 1538 semper
829 1489 939 1526 factis
973 1490 1179 1539 animoque
1212 1491 1400 1538 mereris,

182 1554 246 1585 160
267 1545 465 1583 Reddatur
496 1551 627 1595 gratae
661 1545 814 1583 debitus
848 1545 961 1584 Urbis
994 1558 1125 1585 amor:

267 1603 373 1641 Livia
407 1605 461 1642 sic
494 1610 623 1642 tecum
656 1604 818 1642 sociales
851 1604 1042 1655 compleat
1073 1616 1216 1655 annos,

266 1661 402 1713 Quae,
435 1663 509 1699 nisi
542 1670 578 1700 te
599 1693 609 1713 ,
641 1661 745 1700 nullo
779 1664 942 1712 coniuge
975 1663 1088 1713 digna
1122 1663 1216 1714 fuit,

267 1720 372 1765 Quae
406 1721 438 1758 si
470 1732 548 1758 non
580 1727 712 1770 esset,
745 1720 895 1759 caelebs
929 1727 965 1758 te
1000 1723 1074 1758 vita
1107 1721 1287 1772 deceret,

266 1778 455 1828 Nullaque
476 1810 486 1829 ,
518 1780 581 1816 cui
613 1790 748 1829 posses
781 1791 866 1816 esse
900 1780 1092 1831 maritus,
1125 1786 1229 1818 erat:

181 1844 245 1875 165
268 1836 420 1887 Sospite
453 1837 508 1874 sic
541 1842 578 1875 te
611 1838 661 1874 sit
693 1843 806 1875 natus
839 1849 994 1887 quoque
1027 1849 1191 1889 sospes,
1224 1844 1262 1876 et
1293 1837 1384 1876 olim

266 1895 478 1945 Imperium
511 1901 619 1945 regat
650 1895 723 1933 hoc
756 1907 844 1933 cum
877 1897 1030 1934 seniore
1064 1908 1206 1934 senex:

267 1952 318 1991 Ut
350 1953 573 2003 faciuntque
608 1954 692 2004 tui,
726 1953 833 1992 sidus
866 1954 1041 1992 iuvenale
1062 1983 1073 2004 ,
1108 1959 1292 2006 nepotes,

266 2011 340 2049 Per
367 2018 431 2050 tua
463 2023 611 2062 perque
644 2013 703 2049 sui
737 2012 835 2050 faeta
868 2014 1038 2062 parentis
1071 2018 1182 2050 eant:

268 2069 332 2107 Sic
365 2070 523 2107 adsueta
558 2071 633 2108 tuis
665 2082 819 2119 semper
852 2069 1020 2108 Victoria
1053 2072 1190 2108 eastris

182 2136 247 2166 170
269 2127 379 2166 Nunc
413 2140 567 2178 quoque
601 2140 641 2166 se
674 2134 846 2178 praestet
877 2135 1045 2178 notaque
1080 2131 1186 2179 signa
1218 2135 1346 2180 petat,

267 2187 560 2236 Ausoniumque
593 2187 732 2224 ducem
765 2186 887 2224 solitis
921 2187 1173 2226 circumvolet
1206 2187 1300 2238 alis,

267 2243 389 2282 Ponat
421 2251 459 2282 et
491 2246 529 2282 in
563 2244 682 2283 nitida
713 2245 844 2283 laurea
876 2252 979 2284 serta
1011 2257 1142 2284 coma:
