1575 2489
198 97 254 139 88
751 97 975 130 'rmsmm

315 204 396 243 Nec
428 205 529 242 sinet
558 202 622 241 ille
653 209 742 242 tuos
773 202 865 242 litus
898 215 1007 241 arare
1038 203 1180 242 boves.

316 263 392 300 Fac
424 261 536 299 modo
556 291 566 311 ‚
605 266 829 300 constanter
859 262 1068 312 profugum
1100 260 1263 300 tueare!
1305 260 1408 312 quod
1439 261 1527 315 ille,

253 329 296 359 50
318 320 392 366 Qui
423 319 522 358 bene
555 325 592 358 te
625 321 759 371 novit,
791 330 869 357 non
901 325 1040 370 rogat,
1073 321 1156 369 ipsa
1187 330 1305 370 rogo.

835 444 888 492 V.

317 551 480 588 Annuus
513 549 716 588 adsuetum
748 549 924 589 dominae
956 551 1092 589 natalis
1122 550 1312 589 honorem

317 608 475 658 Exigit:
506 609 558 646 ite
589 619 726 646 manus
758 608 803 646 ad
836 610 898 658 pia
930 620 1039 647 sacra
1069 608 1200 647 meae!

320 666 384 704 Sic
418 666 608 716 quondam
644 666 785 704 festum
816 665 994 705 Laertius
1026 672 1158 717 egerat
1188 666 1305 704 heros

317 724 464 762 Forsan
495 725 535 762 in
568 729 741 762 extremo
774 725 952 774 coniugis
983 723 1077 762 orbe
1109 724 1233 763 diem.

278 790 298 822 5
319 781 468 832 Lingua
499 782 630 820 favens
663 783 780 833 assit,
813 789 1038 820 nostrorum
1069 781 1186 820 oblita
1219 781 1423 834 malorum,

319 840 424 886 Quae
444 871 454 891 ‚
486 847 579 890 puto
599 871 609 891 ,
642 840 825 878 dedidicit
855 842 931 878 iam
962 840 1062 878 bona
1093 839 1210 878 verba
1241 839 1369 891 loqui3

319 898 504 949 Quaeque
537 897 657 936 semel
686 904 766 936 toto
799 900 916 936 vestis
948 898 1043 936 mihi
1075 899 1243 936 sumitur
1275 909 1399 949 annO,

322 956 506 994 Sumatur
538 956 625 994 fatis
657 956 824 994 discolor
856 956 939 994 alba
970 957 1091 1008 meis3

319 1014 474 1064 Araque
506 1016 702 1064 gramineo
734 1014 867 1052 viridis
900 1014 946 1052 de
979 1015 1148 1065 caespite
1180 1014 1271 1066 fiat,

256 1081 298 1113 10
318 1071 368 1110 Et
398 1071 499 1110 velet
530 1071 680 1122 tepidos
712 1084 809 1110 nexa
841 1084 984 1111 corona
1015 1072 1144 1111 socos.

318 1130 373 1169 Da
405 1130 499 1168 mihi
531 1136 617 1168 tura
637 1161 647 1180 ,
679 1141 806 1181 puer,
838 1131 1002 1180 pingues
1035 1131 1213 1168 facientia
1244 1129 1441 1181 flammas,

317 1188 508 1238 Quodque
540 1189 603 1238 pio
637 1188 765 1225 fusum
799 1188 936 1226 stridat
967 1190 1007 1226 in
1039 1189 1151 1238 igne,
1184 1199 1357 1226 merum.

319 1246 472 1297 Optime
504 1244 670 1296 Natalis,
705 1247 877 1296 quamtis
909 1245 1045 1296 procul
1078 1245 1292 1298 absumus,
1324 1250 1414 1297 opto

319 1304 512 1343 Candidus
544 1303 620 1342 huc
653 1306 782 1342 venias
815 1303 1089 1354 dissimilisque
1122 1315 1232 1355 me0;

257 1370 299 1402 15
321 1363 362 1401 Si
394 1362 496 1413 quod
531 1368 569 1400 et
599 1361 766 1400 instabat
798 1361 975 1400 dominae
1008 1361 1228 1400 miserabile
1259 1361 1422 1414 vulnus,

320 1421 378 1459 Sit
409 1421 612 1471 perfuncta
644 1421 740 1458 meis
772 1426 926 1471 tempus
957 1421 997 1458 in
1029 1431 1142 1458 omne
1174 1419 1310 1471 malis;

319 1479 503 1529 Quaeque
532 1480 638 1529 gravi
657 1490 781 1529 nuper
801 1478 888 1528 plus
909 1490 1024 1529 quam
1050 1483 1228 1528 quassata
1254 1477 1424 1528 procella
1449 1483 1528 1530 est,

319 1537 430 1582 Quod
464 1542 671 1587 superest,
704 1541 831 1574 tutum
863 1548 933 1587 per
965 1547 1070 1574 mare
1103 1536 1210 1574 navis
1242 1534 1325 1574 eat!

317 1595 383 1633 Illa
416 1595 529 1633 domo
563 1600 727 1644 nataque
761 1606 829 1632 sua
860 1596 1063 1644 patriaque
1097 1594 1249 1632 fruatur
1284 1612 1333 1622 -——

255 1661 298 1692 20
318 1653 463 1704 Erepta
494 1653 589 1691 haec
621 1654 689 1690 uni
721 1654 770 1690 sit
801 1654 894 1690 satis
926 1664 1011 1690 esse
1042 1652 1139 1690 mihi
1173 1671 1222 1679 —-

320 1711 519 1757 Quatenus
553 1716 591 1749 et
621 1722 699 1748 uon
731 1716 790 1748 est
820 1712 860 1748 in
893 1722 982 1749 caro
1015 1712 1179 1760 coniuge
1212 1709 1326 1763 felix,

318 1770 413 1808 Pars
446 1771 543 1807 vitae
575 1770 678 1807 tristi
711 1774 841 1807 cetera
871 1768 975 1807 nube
1007 1775 1138 1807 vacet.

317 1827 428 1866 Vivat
464 1832 643 1878 ametque
674 1828 823 1878 virum,
856 1828 1037 1877 quoniam
1069 1827 1126 1865 sic
1159 1828 1334 1878 cogitur,
1365 1824 1528 1878 absens,

319 1886 607 1937 Consumatque
639 1896 760 1923 annos
779 1917 790 1936 ‚
822 1885 889 1923 sed
921 1885 1134 1936 diuturna,
1166 1896 1280 1923 suos.

254 1953 297 1984 25
318 1944 551 1995 Adicerem‚
584 1949 623 1982 et
654 1948 808 1981 nostros
830 1974 839 1983 .
889 1943 956 1981 sed
990 1955 1037 1982 ne
1071 1944 1246 1993 contagia
1277 1942 1346 1981 fati

321 2002 582 2053 Corrumpant
612 2002 759 2052 timeo,
792 2014 890 2052 quos
923 2003 1001 2051 agit
1030 2003 1113 2052 ipsa
1131 2033 1142 2052 ‚
1173 2002 1272 2039 mei.

318 2060 379 2098 Nil
411 2060 557 2098 homini
591 2065 739 2098 certum
773 2066 860 2098 est.
911 2060 997 2098 fieri
1028 2061 1115 2109 quis
1147 2071 1261 2109 posse
1292 2063 1470 2110 putaret,

319 2118 370 2157 Ut
401 2118 570 2157 facerem
602 2120 641 2157 in
673 2117 810 2156 mediis
842 2118 938 2156 haec
970 2129 1040 2168 ego
1073 2129 1182 2155 sacra
1206 2114 1355 2155 Getis?

319 2177 458 2227 Aspice
478 2208 489 2228 ‚
520 2182 564 2215 ut
595 2187 687 2215 aura
718 2182 845 2215 tamen
878 2177 1006 2214 fumos
1040 2187 1059 2214 e
1091 2181 1179 2214 ture
1212 2181 1367 2213 coortos

255 2244 299 2275 30
319 2235 362 2273 In
395 2241 525 2285 partes
557 2234 670 2273 Italas
703 2240 741 2273 et
771 2234 852 2273 loca
886 2234 1021 2273 dextra
1053 2232 1174 2272 ferat!

322 2292 469 2332 Sensus
500 2294 604 2332 inest
634 2294 754 2344 igitur
785 2292 937 2332 nebulis
957 2324 967 2344 ‚
1000 2304 1095 2343 quas
1127 2292 1245 2343 exigit
1274 2291 1398 2342 ignis:
