1575 2489
197 105 280 146 278
734 105 988 138 FASTORUM

315 214 476 262 Saepius
508 213 669 251 instanti
699 208 901 250 ‘mandata
932 214 1154 263 peregimus
1174 208 1206 264 ‚⁹
1238 213 1364 263 inquit

308 268 314 275 '
372 268 545 309 ‘Evictas
576 270 758 321 precihus
790 272 851 308 vix
883 270 989 308 dedit
1019 270 1083 308 illa
1114 267 1293 309 manus.'

315 328 446 367 Credit
477 340 608 367 amans
627 360 638 380 ‚
670 328 934 379 thalamosque
966 334 1103 378 parat.
1160 329 1365 367 deducitur
1396 328 1487 367 illuc

228 396 294 426 690
372 387 481 425 Anna
514 393 648 437 tegens
680 386 805 424 voltus
824 418 834 437 ‚
866 393 909 424 ut
940 398 1037 425 nova
1068 392 1187 437 nupta
1207 418 1217 438 ‚
1250 399 1364 425 suos.

315 444 455 483 Oscula
488 450 716 495 sumpturus
749 444 877 482 subito
910 443 1011 483 Mars
1043 446 1180 495 aspicit
1210 444 1382 483 Annam.

371 502 482 541 Nunc
514 503 640 553 pudor
672 502 823 541 elusum
842 533 853 553 ,
884 514 988 541 nunc
1020 502 1125 542 subit
1155 504 1212 541 ira
1244 502 1382 541 deum:

314 560 427 599 Ridet
457 567 668 599 amatorem
688 592 698 611 ‚
730 572 817 598 cara
850 565 910 598 est
940 572 1037 599 nova
1068 560 1154 599 diva
1184 560 1401 603 Minervae,

371 619 452 657 Nec
482 631 547 657 res
578 619 650 657 hac
681 618 822 656 Veneri
853 619 999 668 gratior
1030 618 1107 657 ulla
1138 619 1233 657 fuit.

228 685 293 716 695
314 676 406 715 Inde
439 678 515 715 ioci
546 683 697 715 veteres
730 676 973 727 obscenaque
1006 677 1107 715 dicta
1139 682 1356 727 canuntur,

370 735 420 773 Et
450 737 553 774 iuvat
585 735 683 773 hanc
715 747 853 785 magno
885 734 1002 773 verba
1033 734 1186 791 dedisse
1219 734 1311 773 deo.

313 793 603 832 Praeteriturus
637 805 740 831 eram
774 793 920 843 gladios
951 794 991 830 in
1022 794 1198 843 principe
1230 793 1348 843 fixos,

373 851 469 890 Cum
502 853 557 890 sic
590 863 610 889 a
642 853 758 889 castis
790 850 905 889 Vesta
936 850 1063 889 locuta
1096 850 1215 889 focis:

315 906 390 948 ‘Ne
424 909 557 948 dubita
588 908 839 947 meminisse!
883 920 993 947 meus
1025 909 1099 947 fuit
1129 908 1191 947 ille
1225 908 1427 948 sacerdos.

229 976 294 1006 700
374 967 589 1018 Sacrilegae
621 967 708 1006 telis
741 979 801 1006 me
833 968 981 1016 petiere
1013 978 1173 1005 manus.

314 1026 399 1076 Ipsa
431 1027 557 1064 virum
589 1027 729 1077 rapui,
762 1024 1044 1075 simulacraque
1076 1025 1179 1063 nuda
1210 1025 1373 1076 reliqui.

374 1083 480 1129 Quae
512 1083 652 1122 cecidit
685 1084 788 1121 ferro
808 1113 818 1133 7
851 1082 1026 1121 Caesaris
1058 1082 1194 1121 umbra
1226 1080 1342 1122 fuit.'

316 1141 381 1180 Ille
415 1141 571 1192 quidem
603 1140 708 1179 caelo
740 1142 892 1191 positus
923 1140 1022 1178 Iovis
1054 1142 1151 1178 atria
1182 1141 1300 1191 vidit,

373 1199 421 1238 Et
453 1205 560 1238 tenet
590 1200 630 1238 in
662 1211 799 1249 magno
831 1198 973 1249 templa
1006 1198 1129 1237 dicata
1161 1198 1268 1237 soro.

229 1266 293 1297 705
315 1258 361 1296 At
394 1259 629 1308 quicumque
661 1258 769 1295 nefas
801 1258 913 1308 ausi,
945 1256 1175 1308 prohibente
1208 1256 1370 1296 deorum

373 1315 568 1367 Numine,
600 1315 820 1366 polluerant
850 1314 1069 1366 pontificale
1102 1321 1239 1367 caput,

315 1374 438 1413 Morte
470 1376 596 1413 iacent
628 1375 794 1412 merita.
850 1379 970 1412 testes
1003 1378 1126 1412 estote
1158 1373 1349 1425 Philippi,

372 1432 421 1471 Et
454 1444 620 1483 quorum
653 1433 798 1483 sparsis
831 1431 984 1470 ossibus
1016 1431 1118 1470 albet
1150 1431 1315 1470 humus.

316 1489 397 1529 Hoc
429 1503 552 1542 opus,
584 1491 678 1528 haec
704 1492 827 1540 pietas
844 1521 854 1541 ‚
879 1490 974 1528 haec
1000 1490 1125 1540 prima
1150 1489 1341 1529 elementa
1368 1491 1523 1529 fuerunt

1558 1546 1559 1571 l

229 1557 294 1588 710
374 1548 576 1599 Caesaris,
608 1548 744 1587 ulcisci
776 1549 877 1586 iusta
908 1559 979 1599 per
1010 1559 1115 1586 arma
1146 1554 1318 1599 patrem.

774 1639 837 1680 16.
871 1636 956 1679 CF

315 1722 474 1761 Postera
506 1734 594 1760 cum
626 1728 781 1760 teneras
813 1733 952 1759 aurora
984 1721 1166 1759 refecerit
1197 1721 1361 1772 herhas,

377 1780 560 1830 Scorpios
592 1792 611 1818 a
643 1781 768 1830 prima
799 1786 909 1829 parte
942 1778 1131 1818 videndus
1163 1781 1257 1818 erit.

651 1871 716 1911 17.
747 1870 785 1911 D
819 1869 1016 1912 LIB-N2

318 1954 448 1992 Tertia
479 1960 568 2005 post
598 1953 690 1992 Idus
721 1953 786 1993 lux
819 1960 878 1992 est
910 1953 1162 1992 celeberrima
1194 1953 1368 1992 Baccho.

376 2012 556 2064 Bacche,
588 2013 670 2050 save
702 2014 806 2064 vati,
840 2012 931 2050 dum
965 2018 1030 2050 tua
1061 2012 1158 2049 festa
1190 2023 1308 2050 cauo.

234 2079 299 2110 715
320 2070 399 2109 Nec
431 2071 598 2109 reseram
631 2070 809 2109 Semelen
829 2101 839 2121 ,
871 2069 917 2108 ad
950 2081 1064 2120 quam
1096 2071 1171 2108 nisi
1202 2069 1363 2108 fulmina
1395 2080 1522 2108 secum
1550 2093 1553 2113 ;

378 2128 550 2180 luppiter
583 2129 782 2180 adferret,
814 2129 964 2167 sarcina
995 2129 1128 2166 matris
1162 2139 1271 2179 eras3

319 2186 426 2238 Nec,
459 2199 556 2238 puer
588 2194 631 2225 ut
662 2198 798 2238 posses
829 2193 979 2225 maturo
1010 2193 1186 2237 tempore
1218 2187 1346 2237 nasci,

377 2245 584 2294 Expletum
616 2247 740 2295 patrio
774 2257 935 2295 corpore
967 2246 1102 2283 matris
1135 2256 1254 2295 opus.

322 2302 501 2342 Sithonas
534 2310 571 2341 et
606 2303 807 2355 Scythicos
839 2303 996 2355 longum
1028 2310 1087 2342 est
1121 2314 1279 2342 narrare
1313 2301 1549 2353 triumuth
