1601 2484
1229 75 1384 110 XXXIII

53 200 172 227 COLVI
197 187 406 226 intervallo
432 198 600 235 versum,
626 185 692 234 qui
718 187 778 233 est
803 185 917 224 huius
943 185 1034 223 libri
1054 187 1150 233 391,
1175 187 1383 233 repeteret.

51 247 84 284 si
127 246 175 284 de
225 246 417 294 scriptura
464 245 570 282 illius
617 244 693 281 loci
735 246 840 282 recte
883 244 1156 292 indicaverim,
1198 243 1239 280 id
1282 243 1386 293 quod

54 306 206 342 certum
230 316 309 342 non
332 304 470 351 habeo,
501 302 763 351 interpolator
787 314 881 339 usus
907 302 1028 340 fuerit
1053 301 1276 350 corruptela
1301 313 1384 339 sae-

51 362 129 400 culi
154 362 322 411 septimi,
355 374 443 399 cum
461 360 497 399 U
523 363 563 398 et
583 358 610 399 Ε
636 359 805 398 rotunda
831 360 975 409 scripta
994 363 1097 409 sunt,
1122 360 1227 398 utin
1244 359 1384 408 fragm.

51 420 179 458 Guelf.
258 421 444 458 Pallantia·
493 431 540 457 ex
582 418 722 467 oppido
765 418 962 456 Pallantio
1007 418 1123 456 ducta
1172 418 1385 466 appellatio

51 479 126 517 etsi
150 478 351 526 inusitata,
378 477 591 516 secundum
616 476 854 515 Pausaniam
872 476 972 514 VIII
992 478 1045 514 41
1072 476 1253 514 fortassis
1280 477 1386 513 recte

50 537 185 575 habet:
219 536 288 574 sed
313 535 403 574 Caci
433 535 580 574 mentio
606 547 743 573 versus
776 535 972 584 sequentis
997 534 1224 572 introducta
1249 536 1310 572 est
1335 534 1384 570 ab

53 608 109 644 eo,
142 594 208 644 qui
240 596 310 632 aut
339 606 418 632 non
448 593 694 632 meminisset
724 593 906 631 Herculis
939 592 1123 640 Victoris,
1156 593 1226 629 aut
1256 592 1386 629 minus

50 653 298 702 perspicuam
342 664 428 690 eam
470 651 837 701 interpretationem
881 652 1052 700 putaret.
1124 649 1241 687 huius
1281 649 1387 687 modi

51 711 321 749 additamenta
363 713 499 749 extant
541 710 561 747 Ι
605 711 686 749 395
734 711 815 748 396
861 708 1072 746 secundum
1114 707 1387 757 Schraderum,

50 772 212 818 propter
244 769 503 817 supplendum
534 768 583 806 ad
614 781 648 806 v.
677 769 758 806 397
791 767 955 805 verbum
988 779 1035 804 ex
1061 768 1163 816 3993
1195 765 1255 802 ΠΙ
1283 768 1386 815 4113

52 828 133 865 IIII
167 830 241 877 113
272 827 330 864 VI
363 829 458 876 739,
492 827 587 865 806.

169 886 267 924 Pars
300 888 438 924 octava
467 885 701 934 paginarum
732 884 901 933 quinque
933 882 1171 921 examussim
1208 882 1386 921 concinit.

53 956 151 993 quae
181 945 272 993 post
302 943 360 980 VI
386 944 470 982 434
501 945 664 991 restant,
695 944 740 980 ut
770 942 811 979 in
842 941 964 990 Ibide,
995 941 1228 991 paginarum
1261 940 1387 979 deter-

51 1003 306 1041 minationem
342 1014 421 1039 non
458 1001 682 1040 admittunt.
755 1013 817 1039 vv.
851 1001 932 1038 739
975 1001 1058 1038 740
1096 1000 1144 1036 ab
1185 1000 1268 1037 805
1303 1000 1385 1037 806

52 1062 173 1100 trium
204 1060 440 1110 paginarum
465 1060 642 1109 legitimo
670 1059 796 1108 spatio
823 1058 983 1106 distant,
1016 1058 1084 1095 sed
1108 1058 1174 1096 vix
1193 1057 1389 1095 distichon

52 1120 174 1169 prius,
199 1131 223 1157 a
248 1118 463 1157 Schradero
490 1130 644 1168 quoque
670 1117 909 1164 damnatum,
935 1117 1116 1154 lacunam
1143 1115 1387 1165 supplevisse

54 1178 224 1216 videtur:
263 1177 449 1225 alterum,
482 1177 562 1215 805
599 1177 703 1224 806,
735 1175 941 1213 confictum
973 1176 1050 1222 est,
1088 1176 1133 1211 ut
1164 1176 1309 1222 forma,
1341 1174 1387 1212 de

55 1248 133 1285 qua
163 1249 197 1274 v.
232 1236 327 1283 807,
355 1234 621 1272 antecesserit.
694 1233 888 1271 distichon
920 1234 1000 1271 751
1038 1233 1118 1270 752
1148 1232 1388 1270 Schrader-us

56 1294 232 1343 spurium
262 1293 417 1331 habuit:
450 1292 498 1330 de
531 1293 613 1331 557
649 1293 730 1330 558
765 1291 1005 1329 dubitabam.

172 1351 390 1389 Emendavi
415 1351 455 1388 in
474 1351 622 1388 Fastis:
655 1350 674 1386 I
697 1347 778 1388 143
804 1356 951 1387 PACTA
970 1356 1190 1387 LOCUTUS.
1256 1361 1389 1396 pauca

54 1410 156 1449 libri.
230 1409 333 1458 quod
364 1422 399 1447 v.
434 1410 515 1447 146
548 1409 589 1446 in
619 1408 731 1446 libris
757 1407 1043 1457 antiquioribus
1069 1409 1227 1455 praeter
1257 1407 1387 1445 Ursin.

55 1471 95 1507 et
137 1467 263 1506 Vatic.
307 1467 460 1504 Heinsii
504 1469 581 1515 est,
617 1469 757 1514 pactus
803 1469 899 1514 erat,
942 1467 1038 1513 puto
1083 1477 1130 1502 ex
1172 1465 1245 1503 hoc
1288 1465 1388 1502 inre-

53 1527 196 1576 psisse3
251 1526 348 1564 talia
401 1524 689 1574 interpretandi
738 1535 855 1562 causa
904 1523 1215 1571 reciprocantur,
1279 1524 1389 1561 velut

54 1585 138 1623 IIII
172 1585 252 1623 135
288 1585 383 1623 136.
448 1586 567 1631 pacta
598 1585 706 1631 sunt,
751 1581 798 1619 de
830 1582 970 1632 quibus
1002 1585 1255 1630 convenerat,
1294 1582 1387 1619 Met.

53 1643 136 1682 ΠΙΙ
169 1644 250 1681 116
284 1641 405 1679 VIIII
439 1644 533 1690 722,
565 1643 610 1680 ut
641 1643 832 1689 quaesitus
862 1642 975 1688 furor
1004 1639 1088 1677 IIII
1111 1642 1205 1688 246,
1238 1639 1285 1677 de
1311 1653 1387 1689 quo

55 1701 277 1752 quaesitum
307 1700 448 1738 fuerat.
509 1702 755 1747 convenerat,
786 1700 996 1748 postquam
1027 1700 1146 1746 poeta
1169 1699 1319 1747 gratias
1346 1701 1386 1736 et

54 1761 180 1810 plura,
211 1759 275 1798 vel
305 1759 476 1808 plurima
505 1758 816 1808 perquisiturum
848 1770 889 1795 se
921 1756 1181 1795 denunciavit.

55 1816 140 1857 245
160 1825 334 1857 VOLSUS
361 1826 495 1864 QUEM.
569 1817 610 1854 in
636 1817 832 1866 scriptura
863 1816 1000 1854 cultrioe
1025 1827 1134 1863 quem
1158 1815 1312 1864 codicis,
1343 1817 1389 1853 ut

55 1877 205 1926 accepi,
244 1888 342 1915 saec.
380 1885 446 1914 XII
476 1875 575 1913 nihil
604 1875 716 1925 pensi
746 1875 872 1913 habeo
903 1876 1062 1923 praeter
1093 1873 1269 1911 ordinem
1300 1885 1385 1911 ver-

55 1936 204 1974 borum.
277 1936 404 1974 volsus
446 1936 487 1972 et
528 1935 658 1982 volgus
699 1934 741 1972 in
782 1934 1010 1972 litteratura
1050 1932 1168 1970 Plinii
1205 1931 1388 1969 Moneani

53 1994 119 2033 vix
156 1993 298 2031 differt.
371 1993 498 2031 solum
534 1993 711 2042 vellitur,
755 1992 858 2041 quod
889 1991 1052 2029 arbusta
1081 2003 1160 2028 non
1197 1990 1288 2028 altis
1326 2002 1387 2027 ra-

54 2053 204 2091 dicibus
229 2052 361 2100 habet,
393 2052 502 2089 velut
526 2053 716 2100 perpetuo
736 2050 935 2100 Vergilius
963 2050 1090 2087 utitur
1113 2049 1210 2086 Aen.
1237 2048 1299 2085 ΠΙ
1322 2050 1387 2095 24,

56 2113 121 2158 28,
149 2113 215 2150 31.
281 2111 428 2158 planus
457 2113 582 2148 vertex
612 2109 689 2147 fuit
709 2108 837 2148 Ovidii
863 2121 975 2157 aevo,
1001 2107 1062 2145 uti
1087 2107 1281 2145 Martialis
1307 2106 1389 2144 IIII

53 2177 184 2207 LXIIII
218 2169 256 2207 5.
328 2168 432 2217 quod
461 2182 496 2206 v.
526 2170 606 2207 243
640 2168 836 2206 antecedit
868 2167 914 2204 de
946 2167 1134 2205 incaedua
1164 2166 1279 2214 silva,
1311 2165 1387 2203 nisi

54 2228 196 2277 opponi
227 2227 287 2265 his
318 2227 590 2276 intellegatur,
623 2227 737 2265 facile
765 2225 959 2265 offendere
992 2226 1140 2273 potest3
1172 2236 1289 2273 quem
1321 2223 1386 2261 ad-

52 2288 213 2325 modum
239 2286 285 2323 de
320 2285 620 2334 transponendis
648 2285 825 2324 distichis
853 2283 1089 2322 sententiam
1114 2283 1237 2321 latam
1262 2282 1388 2321 video.

124 2357 228 2384 cvm.
253 2358 312 2383 111.
1087 2358 1106 2381 c
