1601 2484
595 63 659 95 111.
686 71 702 95 ι
725 65 846 96 1—69.
1329 61 1384 102 39

171 172 409 223 Conspicuos
441 176 572 221 postes
605 175 785 221 tectaque
819 170 933 221 digna
965 169 1060 208 deo.

106 239 149 270 35
172 228 235 269 ‘Et
277 230 376 268 Iovis
420 225 530 268 haeo'
575 228 655 266 dixi
699 226 852 267 edomus
901 224 1014 266 est‘?'
1065 227 1168 279 quod
1212 233 1256 266 ut
1300 240 1385 266 esse

730 292 929 337 putarem,

170 347 386 397 Augurium
418 347 540 384 menti
571 357 718 396 querna
752 357 894 382 corona
926 343 1063 383 dabat.

172 404 290 443 Cuius
322 410 366 442 ut
397 405 529 453 accepi
561 403 790 453 dominum,
823 400 923 440 ‘Non
955 399 1160 454 fallimur'‚
1191 403 1350 453 inquam

172 460 235 501 ‘Et
266 464 395 512 magni
426 473 560 500 verum
593 467 651 499 est
683 461 780 499 hanc
813 460 913 499 Iovis
946 473 1031 499 esse
1064 460 1245 501 domum.

172 521 250 559 Cur
281 526 410 558 tamen
442 520 619 570 opposita
652 519 801 557 velatur
832 520 946 557 ianua
977 519 1109 569 lauro,

107 588 151 617 40
173 578 301 629 Cingit
331 583 370 616 et
401 583 584 628 augustas
617 577 731 615 arbor
764 589 882 627 opaca
913 574 1076 615 comas?

170 636 272 675 Num
304 638 393 687 quia
424 642 636 687 perpetuos
669 637 813 674 meruit
844 635 981 673 domus
1012 635 1086 672 ista
1118 634 1362 686 triumphos,

171 695 229 733 An
262 696 350 745 quia
382 694 576 732 Leucadio
609 705 763 744 semper
795 698 917 731 amata
950 692 1021 730 deo
1054 697 1137 743 est,

171 752 308 803 Ipsane
341 752 443 803 quod
476 753 573 790 festa
605 757 693 802 est,
725 763 772 789 an
806 750 908 801 quod
941 750 1033 788 facit
1064 751 1192 788 omnia
1226 748 1357 789 festa?

173 811 295 856 Quam
327 810 467 848 tribuit
497 811 643 860 terris,
675 810 782 859 pacis
815 821 861 846 an
894 810 966 846 ista
1000 814 1090 846 nota
1122 806 1215 846 est?

106 877 149 906 45
171 868 297 918 thue
329 870 429 906 viret
461 880 614 918 semper
645 867 779 905 laurus
811 878 883 904 nec
915 866 1052 904 fronde
1087 866 1231 905 caduca

172 926 381 977 Carpitur,
413 932 615 964 aeternum
648 926 703 963 sic
735 924 851 963 habet
882 924 946 962 illa
977 922 1132 963 decus?

171 984 293 1022 Causa
325 985 592 1034 superpositae
626 984 771 1033 scripto
807 988 943 1021 testata
976 994 1142 1021 coronae
1175 988 1253 1022 est:

171 1042 351 1080 Servatos
383 1043 487 1080 cives
519 1042 664 1080 indicat
694 1042 811 1080 huius
844 1053 938 1091 ope.

170 1100 287 1138 Adice
320 1101 483 1138 servatis
515 1112 666 1150 unum,
699 1105 809 1150 pater
842 1101 987 1149 optime
1007 1130 1017 1150 ‚
1050 1100 1198 1150 civem,

107 1166 150 1196 50
173 1158 248 1203 Qui
278 1158 417 1209 procul
449 1164 621 1197 extremo
653 1157 790 1208 pulsus
822 1159 862 1196 in
895 1157 988 1196 orbe
1020 1157 1136 1209 latet,

171 1216 212 1254 ln
247 1228 322 1266 quo
354 1228 597 1267 poenarum,
630 1228 726 1266 quas
758 1228 798 1254 se
831 1218 1021 1254 meruisse
1054 1216 1221 1267 fatetur,⁴

171 1274 255 1312 Non
288 1274 438 1312 facinus
470 1286 654 1326 causam,
687 1274 754 1312 sed
788 1286 882 1312 suus
915 1286 1026 1312 error
1057 1273 1197 1312 habet.

172 1332 230 1370 Me
263 1331 472 1370 miserum!
507 1344 722 1383 vereorque
755 1331 882 1371 locum
915 1344 1130 1383 vereorque
1163 1336 1385 1383 potentem,

170 1389 219 1427 Et
251 1391 425 1439 quatitur
458 1391 609 1440 trepido
642 1391 771 1429 littera
803 1396 937 1428 nostra
969 1395 1098 1429 metu.

107 1456 150 1486 55
171 1448 321 1498 Aspicis
354 1450 518 1498 exangui
551 1448 722 1486 chartam
755 1448 899 1499 pallere
933 1445 1096 1486 colore?

170 1506 320 1556 Aspicis
352 1506 522 1544 alternos
554 1507 804 1545 intremuisse
837 1504 991 1557 pedes?

171 1563 532 1614 Quandocumque,
565 1577 706 1615 precor
725 1595 736 1616 ‚
768 1570 903 1603 nostro
935 1564 1089 1615 placere
1121 1567 1274 1616 parenti

170 1621 297 1660 Isdem
329 1627 367 1661 et
397 1622 469 1661 sub
501 1623 669 1661 dominis
702 1624 890 1673 aspiciare
925 1623 1062 1661 domus
1078 1620 1102 1661 !'

169 1679 262 1718 Inde
295 1686 429 1719 tenore
462 1682 545 1731 pari
577 1681 762 1732 gradibus
795 1681 974 1720 sublimia
1007 1681 1122 1719 celsis

111 1746 156 1777 60
175 1737 305 1776 Ducor
343 1739 389 1777 ad
421 1741 566 1777 intonsi
599 1740 760 1778 candida
793 1740 936 1790 templa
969 1740 1058 1790 dei,

172 1796 287 1846 Signa
319 1799 536 1848 peregrinis
569 1797 637 1836 ubi
668 1805 760 1836 sunt
791 1798 938 1836 alterna
971 1798 1187 1848 columnis,

170 1854 324 1893 Belides
357 1861 395 1894 et
428 1857 563 1894 stricto
596 1855 786 1895 barbarus
819 1869 911 1895 ense
944 1863 1078 1907 pater,

172 1912 356 1963 Quaeque
389 1915 462 1952 viri
493 1914 607 1953 docto
640 1921 791 1954 veteres
824 1927 964 1965 cepere
998 1916 1166 1965 novique

170 1970 333 2009 Pectore
352 2003 362 2023 ,
394 1971 555 2011 lecturis
586 1973 829 2024 inspicienda
860 1979 1018 2024 patent.

108 2037 151 2068 65
173 2028 414 2074 Quaerebam
446 2031 586 2070 fratres
605 2062 616 2083 7
649 2033 822 2082 exceptis
855 2032 1005 2070 scilicet
1035 2032 1134 2082 illis,

172 2087 277 2132 Quos
311 2100 405 2127 suus
437 2095 590 2139 optaret
621 2102 698 2129 non
730 2091 912 2141 genuisse
944 2096 1078 2140 pater.

173 2145 433 2190 Quaerentem
460 2148 605 2186 frustra
638 2155 770 2187 custos
803 2161 823 2187 e
857 2149 1015 2187 sedibus
1047 2148 1124 2186 illis

173 2203 423 2254 Praepositus
456 2213 588 2245 sancto
620 2208 735 2246 iussit
767 2207 872 2246 abire
906 2207 1015 2245 loco.

173 2261 302 2301 Altera
335 2263 476 2314 templa
508 2270 597 2316 peto
618 2296 627 2314 ,
660 2267 785 2304 vicino
818 2267 948 2304 iuncta
983 2265 1160 2304 theatro:
