1575 2489
181 96 261 137 198
713 95 778 127 Ex
801 94 957 127 PONTo

231 213 273 244 70
353 204 482 242 Gloria
511 201 710 241 Pieridum
742 213 891 240 summa
922 202 1078 240 futurus
1111 212 1219 240 eras.

295 261 369 300 Sed
402 261 492 299 dare
524 261 723 298 materiam
755 259 866 297 nobis
885 290 896 311 ‚
928 271 1042 310 quam
1074 260 1245 298 carmina
1263 290 1273 310 ,
1303 260 1446 297 mavis:

352 318 430 357 Nec
463 324 591 356 tamen
624 329 670 356 ex
701 322 781 356 toto
815 317 996 355 deserere
1027 316 1091 355 illa
1122 323 1255 367 potes.

292 376 388 415 Nam
419 375 532 414 modo
564 375 663 414 bella
695 376 797 426 geris
817 406 827 426 ‚
858 376 1031 414 numeris
1063 376 1177 413 modo
1210 373 1327 413 verba

1015 445 1173 472 coerces
1188 463 1197 483 ,
1427 441 1498 472 (124,

353 491 542 542 Quodque
574 491 657 530 aliis
691 503 787 542 opus
821 497 907 542 est,
939 491 1012 529 hoc
1044 490 1116 529 tibi
1147 491 1255 529 lusus
1288 490 1383 528 erit.

231 559 272 589 τε)
294 549 420 601 thue
452 561 525 589 nec
557 549 603 588 ad
636 549 850 601 citharam,
882 561 954 588 nec
985 549 1031 587 ad
1064 561 1196 587 arcum
1228 549 1356 599 segnis

1014 607 1148 658 Apollo
1182 613 1263 658 est,

354 666 429 704 Sed
461 667 566 704 venit
597 665 643 703 ad
676 677 804 703 sacras
836 677 979 703 nervus
1010 672 1175 715 uterque
1208 676 1367 715 manus,

296 724 356 763 Sic
391 724 461 762 tibi
492 736 563 762 nec
595 723 727 774 docti,
760 735 831 761 nec
863 723 1004 761 desunt
1034 723 1222 773 principis
1255 729 1379 773 artes,

352 782 469 820 Mixta
501 781 568 820 sed
602 787 662 820 est
693 783 819 820 animo
852 792 940 819 cum
971 781 1059 819 Iove
1091 780 1200 819 Musa
1230 787 1320 818 tuo.

294 840 399 886 Quae
432 841 612 890 quoniam
645 851 716 878 nec
748 851 819 877 nos
851 839 954 878 unda
986 840 1192 877 summovit
1224 838 1270 876 ab
1301 837 1386 890 illa,

231 907 274 937 80
353 897 501 948 Ungula
533 897 726 948 Gorgonei
759 909 873 947 quam
905 909 994 935 cava
1026 897 1117 935 fecit
1150 898 1264 946 equi,

293 955 450 1007 Prosit,
481 967 671 1007 opemque
705 955 803 993 serat
834 957 1053 994 communia
1085 966 1192 993 sacra
1225 955 1348 1005 tueri,

352 1015 477 1064 Atque
509 1014 632 1052 isdem
665 1013 803 1052 studiis
835 1014 1054 1064 inposuisse
1086 1024 1264 1051 manum:

295 1071 424 1110 Litora
457 1071 599 1121 pellitis
631 1072 793 1109 nimium
827 1071 1000 1109 subiecta
1032 1070 1192 1109 Corallis

356 1129 403 1167 Ut
434 1129 590 1167 tandem
622 1141 756 1167 saevos
789 1130 1047 1179 effugiamque
1080 1128 1217 1167 Getas:

233 1196 275 1227 85
297 1187 509 1238 Clausaque
544 1188 576 1224 si
608 1188 749 1225 misero
782 1188 905 1237 patria
937 1193 1019 1238 est,
1051 1193 1094 1225 ut
1125 1198 1247 1236 ponar
1278 1187 1318 1224 in
1350 1185 1436 1237 illo,

355 1245 428 1290 Qui
461 1246 589 1283 minus
621 1245 790 1283 Ausonia
823 1244 939 1283 distet
972 1244 1017 1282 ab
1050 1244 1151 1283 Urbe
1172 1276 1182 1296 ‚
1214 1244 1321 1295 loco,

298 1303 404 1342 Unde
437 1310 523 1341 tuas
555 1304 701 1353 possim
734 1302 866 1342 laudes
900 1302 1095 1341 celebrare
1128 1309 1306 1341 recentes

354 1361 566 1412 Magnaque
599 1373 713 1412 quam
747 1362 902 1400 minima
936 1361 1035 1399 sacta
1066 1361 1214 1399 referre
1247 1372 1375 1398 mora.

296 1420 443 1470 Tangat
475 1426 518 1458 ut
548 1419 621 1458 hoc
655 1425 787 1458 votum
820 1419 1028 1470 caelestia,
1061 1431 1148 1457 care
1183 1418 1321 1469 Suilli,

228 1487 270 1516 90
350 1478 544 1528 Numina,
577 1489 646 1528 pro
680 1489 815 1516 socero
847 1489 968 1528 paene
1001 1489 1161 1528 precare
1195 1484 1284 1515 tuo.

765 1605 914 1651 VIIII.

298 1709 405 1748 Unde
438 1709 557 1760 licet,
589 1722 667 1748 non
701 1709 802 1748 unde
835 1711 967 1760 iuvat,
1001 1709 1188 1747 Graecine
1207 1740 1218 1760 ‚
1250 1707 1412 1747 salutem

355 1768 472 1806 Mittit
505 1767 550 1806 ab
582 1767 745 1806 Euxinis
778 1768 876 1806 hanc
909 1767 978 1806 tibi
1010 1767 1110 1805 Naso
1143 1767 1273 1805 vadis.

297 1825 490 1876 Missaque
509 1857 519 1877 ‚
553 1825 591 1864 di
623 1826 792 1877 saciant,
826 1837 1004 1864 auroram
1038 1832 1217 1864 occurrat
1249 1825 1294 1863 ad
1327 1824 1452 1876 illam,

356 1883 420 1922 Bis
453 1896 567 1922 senos
600 1884 723 1922 fasces
757 1896 854 1934 quae
886 1883 957 1922 tibi
987 1885 1110 1934 prima
1143 1882 1273 1921 dabit:

258 1950 277 1980 5
298 1941 374 1991 U,
408 1944 588 1992 quoniam
621 1943 703 1980 sine
737 1954 796 1980 me
829 1948 963 1992 tanges
995 1941 1179 1992 Capitolia
1211 1941 1348 1980 consul
1434 1950 1505 1981 (1⁴25)

356 1999 403 2038 Et
436 2001 524 2039 fiam
556 2000 692 2039 turbae
724 2012 814 2051 pars
847 2012 916 2050 ego
949 1999 1052 2038 nulla
1084 2005 1196 2049 tuae,

299 2058 341 2096 In
374 2058 521 2097 domini
553 2058 689 2097 subeat
721 2064 850 2109 partes
883 2063 921 2096 et
951 2063 1123 2108 praestet
1155 2058 1268 2095 amici

357 2115 538 2155 Officium
569 2119 671 2156 iusto
703 2116 831 2155 littera
863 2121 994 2154 nostra
1027 2115 1111 2154 die.

300 2175 424 2224 Atque
458 2187 528 2225 ego
561 2177 593 2214 si
625 2175 712 2213 fatis
744 2175 897 2225 genitus
929 2173 1155 2212 melioribus
1188 2185 1313 2212 essem

236 2240 278 2271 10
356 2231 405 2271 Et
436 2245 520 2271 mea
553 2235 705 2272 sincero
739 2238 916 2271 curreret
947 2244 1014 2271 axe
1047 2238 1154 2283 rota,

299 2289 382 2335 Quo
410 2303 513 2330 nunc
547 2298 679 2330 nostra
706 2303 841 2330 manus
868 2302 938 2341 per
959 2292 1148 2342 scriptum
1179 2290 1377 2343 fungitur,
1403 2295 1506 2328 esset
