1601 2484
178 69 234 111 52
727 68 951 101 TRISTmM

295 177 396 216 Dum
427 176 623 228 trepidant
653 176 802 226 Minyae
821 206 832 227 ,
864 176 957 215 dum
989 176 1152 216 solvitur
1183 187 1322 227 aggere
1355 176 1481 225 funis,

295 236 396 274 Dum
427 236 606 285 sequitur
638 233 786 272 celeres
818 246 960 273 ancora
991 240 1114 273 tracta
1145 246 1306 284 manus,

233 302 274 332 15
297 293 460 332 Conscia
491 293 687 343 percussit
718 293 949 331 meritorum
980 298 1139 343 pectora
1172 291 1325 330 Colchis

295 352 399 389 Ausa
430 356 545 401 atque
578 362 720 389 ausura
751 349 872 388 multa
902 350 1068 389 nefanda
1098 362 1243 402 manu;

295 409 373 460 Et,
406 405 641 460 quamquam
673 414 854 459 superest
883 410 1020 459 ingens
1053 409 1212 447 audacia
1243 409 1388 459 menti,

295 466 421 505 Pallor
452 469 492 505 in
525 468 710 505 attonitae
742 467 902 516 virginis
934 478 1002 505 ore
1034 467 1129 506 fuit.

296 525 398 576 Ergo
431 524 499 564 ubi
529 526 731 576 prospexit
761 526 955 563 venientia
985 524 1091 576 vela,
1123 521 1360 575 ‘Tenemur,

232 591 276 622 20
297 583 347 621 Et
377 588 488 635 pater
520 588 579 621 est
611 582 738 634 aliqua
770 582 905 621 fraude
938 580 1164 622 morandus'
1197 585 1273 623 ait.

296 641 395 680 Dum
428 641 520 692 quid
541 647 648 692 agat,
677 642 853 692 quaerit,
880 640 972 679 dum
991 646 1121 679 versat
1145 642 1186 680 in
1212 641 1340 679 omnia
1360 639 1513 692 vultus,

296 699 353 738 Ad
385 700 546 738 fratrem
579 711 671 738 casu
702 699 847 737 lumina
879 699 976 737 flexa
1007 698 1120 737 tulit.

297 757 418 796 Cuius
450 764 493 796 ut
525 757 652 796 oblata
684 764 743 796 est
773 758 1021 808 praesentia,
1055 753 1256 796 ‘Vicimus'
1288 758 1439 808 inquit:

298 813 383 854 ‘Hic
416 816 510 854 mihi
541 822 666 854 morte
699 827 768 854 sua
800 827 915 854 causa
947 815 1083 854 salutis
1116 812 1217 854 erit.'

234 882 276 912 25
297 874 480 913 Protinus
512 875 636 925 ignari
668 886 739 912 nec
772 875 981 925 quicquam
1012 873 1086 912 tale
1118 874 1291 912 timentis

297 932 513 971 innocuum
546 932 669 982 rigido
701 933 876 983 perforat
907 944 999 970 ense
1032 931 1157 984 latus,

297 992 423 1041 Atque
455 992 507 1029 ita
540 990 713 1043 divellit,
745 990 971 1041 divulsaque
1003 989 1178 1029 membra
1207 1002 1279 1041 per
1310 1001 1422 1040 agros

298 1049 468 1099 Dissipat
498 1050 537 1087 in
570 1048 702 1087 multis
734 1048 966 1087 invenienda
996 1047 1115 1087 locis.

297 1107 381 1145 Neu
414 1112 523 1157 pater
555 1109 738 1157 ignoret,
770 1106 929 1158 scopulo
961 1108 1145 1157 proponit
1174 1107 1215 1145 in
1247 1106 1321 1145 alto

234 1173 278 1204 30
298 1165 569 1215 Pallentesque
601 1176 737 1203 manus
771 1166 1104 1216 sanguineumque
1138 1171 1275 1215 caput,

297 1223 347 1261 Ut
379 1224 532 1273 genitor
564 1223 751 1273 luctuque
784 1235 883 1261 novo
915 1222 1093 1261 tardetur
1124 1229 1192 1273 et,
1224 1228 1331 1261 artus

297 1281 396 1320 Dum
428 1281 521 1332 legit
552 1283 773 1333 extinctos,
805 1282 916 1320 triste
949 1281 1123 1320 retardet
1152 1283 1250 1321 iter.

298 1339 391 1378 Inde
423 1339 555 1378 Tomis
588 1339 716 1378 dictus
747 1339 855 1379 locus
887 1339 950 1378 hic
969 1371 979 1391 ,
1012 1340 1102 1390 quia
1134 1340 1259 1378 fertur
1289 1339 1330 1378 in
1361 1338 1425 1377 illo

298 1397 470 1437 Membra
503 1410 613 1437 soror
646 1399 778 1437 fratris
811 1398 1059 1437 consecuisse
1093 1398 1175 1436 sui.

821 1525 875 1573 X.

300 1631 430 1682 Siquis
463 1631 587 1670 adhuc
619 1632 707 1670 istic
739 1632 915 1669 meminit
946 1630 1111 1669 Nasonis
1143 1630 1338 1683 adempti,

298 1689 348 1728 Et
379 1695 560 1740 superest
592 1691 674 1727 sine
707 1701 767 1728 me
801 1701 943 1728 nomen
974 1690 1014 1728 in
1047 1688 1149 1727 Urbe
1182 1700 1337 1739 meum,

300 1747 554 1799 Suppositum
587 1748 708 1786 stellis
742 1759 952 1798 numquam
985 1746 1235 1797 tangentibus
1268 1758 1414 1797 aequor

299 1806 358 1845 Me
392 1808 489 1845 sciat
519 1807 558 1844 in
590 1805 716 1844 media
749 1807 876 1844 vivere
909 1805 1109 1844 barbaria.

259 1874 278 1903 5
301 1865 549 1903 Sauromatae
583 1866 772 1915 cingunt,
810 1864 891 1902 sera
923 1876 1042 1915 gens,
1074 1863 1262 1914 Bessique
1294 1863 1514 1915 Getaeque,

299 1924 422 1968 Quam
454 1935 531 1961 non
562 1924 716 1973 ingenio
750 1924 905 1961 nomina
938 1922 1051 1973 digna
1084 1921 1192 1960 meo!

299 1982 397 2020 Dum
430 1987 560 2020 tamen
591 1993 684 2019 aura
716 1986 852 2032 tepet,
883 1981 1010 2019 medio
1044 1979 1289 2019 defendimur
1320 1979 1478 2018 Histro:

298 2039 365 2078 Ille
397 2041 478 2078 suis
510 2039 682 2090 liquidus
714 2038 812 2077 bella
845 2039 999 2089 repellit
1030 2040 1163 2089 aquis.

298 2099 347 2137 At
379 2110 468 2137 cum
499 2099 622 2137 tristis
654 2097 777 2136 hiems
811 2097 1025 2148 squalentia
1056 2096 1218 2148 protulit
1250 2108 1340 2147 ora,

237 2165 277 2196 10
299 2157 498 2207 Terraque
531 2167 748 2195 marmoreo
781 2162 840 2194 est
871 2156 1031 2194 candida
1065 2155 1163 2193 facta
1195 2155 1310 2207 gelu7

298 2213 327 2263 †
362 2215 458 2253 Dum
491 2220 597 2265 patet
629 2221 667 2253 et
697 2213 835 2253 boreas
868 2220 906 2253 et
937 2216 1002 2253 nix
1033 2215 1176 2252 iniecta
1208 2213 1279 2252 sub
1312 2218 1419 2252 arcto

299 2273 399 2311 Tum
431 2279 564 2325 patet,
598 2273 666 2312 has
699 2278 834 2324 gentes
867 2284 935 2312 axe
967 2278 1159 2311 tremente
1191 2273 1339 2323 premi.
