<?xml version="1.0" encoding="UTF-8"?>
<!DOCTYPE html PUBLIC "-//W3C//DTD XHTML 1.0 Transitional//EN"
    "http://www.w3.org/TR/xhtml1/DTD/xhtml1-transitional.dtd">
<html xmlns="http://www.w3.org/1999/xhtml" xml:lang="en" lang="en">
 <head>
  <title>
</title>
<meta http-equiv="Content-Type" content="text/html;charset=utf-8" />
  <meta name='ocr-system' content='tesseract 3.04.00' />
  <meta name='ocr-capabilities' content='ocr_page ocr_carea ocr_par ocr_line ocrx_word'/>
</head>
<body>
  <div class='ocr_page' id='page_1' title='image "./operaovid01oviduoft_0347.png"; bbox 0 0 1575 2489; ppageno 0'>
   <div class='ocr_carea' id='block_1_1' title="bbox 534 74 1343 115">
    <p class='ocr_par' dir='ltr' id='par_1_1' title="bbox 534 74 1343 115">
     <span class='ocr_line' id='line_1_1' title="bbox 534 74 1343 115; baseline 0.006 -5"><span class='ocrx_word' id='word_1_1' title='bbox 534 80 580 110; x_wconf 87' lang='lat' dir='ltr'>1v</span> <span class='ocrx_word' id='word_1_2' title='bbox 621 80 818 111; x_wconf 81' lang='lat'>490—560.</span> <span class='ocrx_word' id='word_1_3' title='bbox 1259 74 1343 115; x_wconf 81' lang='lat'>299</span> 
     </span>
    </p>
   </div>
   <div class='ocr_carea' id='block_1_2' title="bbox 37 184 1353 2346">
    <p class='ocr_par' dir='ltr' id='par_1_2' title="bbox 37 184 1353 2346">
     <span class='ocr_line' id='line_1_2' title="bbox 37 184 1302 239; baseline -0.006 -10"><span class='ocrx_word' id='word_1_4' title='bbox 37 198 103 229; x_wconf 79' lang='lat'>525</span> <span class='ocrx_word' id='word_1_5' title='bbox 126 187 215 227; x_wconf 70' lang='lat' dir='ltr'>‘Sic</span> <span class='ocrx_word' id='word_1_6' title='bbox 246 187 346 239; x_wconf 86' lang='lat' dir='ltr'>tihi,</span> <span class='ocrx_word' id='word_1_7' title='bbox 380 199 494 238; x_wconf 85' lang='lat' dir='ltr'>quam</span> <span class='ocrx_word' id='word_1_8' title='bbox 527 192 675 237; x_wconf 84' lang='lat' dir='ltr'>raptam</span> <span class='ocrx_word' id='word_1_9' title='bbox 710 185 918 236; x_wconf 83' lang='lat' dir='ltr'>quereris,</span> <span class='ocrx_word' id='word_1_10' title='bbox 952 186 1002 223; x_wconf 91' lang='lat' dir='ltr'>sit</span> <span class='ocrx_word' id='word_1_11' title='bbox 1034 184 1109 222; x_wconf 82' lang='lat' dir='ltr'>filia</span> <span class='ocrx_word' id='word_1_12' title='bbox 1142 195 1302 236; x_wconf 78' lang='lat' dir='ltr'>sospes,</span> 
     </span>
     <span class='ocr_line' id='line_1_3' title="bbox 184 239 1149 297; baseline -0.004 -12"><span class='ocrx_word' id='word_1_13' title='bbox 184 247 308 297; x_wconf 80' lang='lat' dir='ltr'>Surge</span> <span class='ocrx_word' id='word_1_14' title='bbox 328 277 338 296; x_wconf 84' lang='lat'>‚</span> <span class='ocrx_word' id='word_1_15' title='bbox 370 258 443 284; x_wconf 85' lang='lat' dir='ltr'>nec</span> <span class='ocrx_word' id='word_1_16' title='bbox 476 246 637 296; x_wconf 80' lang='lat' dir='ltr'>exiguae</span> <span class='ocrx_word' id='word_1_17' title='bbox 670 245 826 295; x_wconf 86' lang='lat' dir='ltr'>despice</span> <span class='ocrx_word' id='word_1_18' title='bbox 858 248 961 282; x_wconf 86' lang='lat' dir='ltr'>tecta</span> <span class='ocrx_word' id='word_1_19' title='bbox 994 239 1149 281; x_wconf 85' lang='lat' dir='ltr'>casae.&#39;</span> 
     </span>
     <span class='ocr_line' id='line_1_4' title="bbox 125 298 1326 354; baseline -0.003 -11"><span class='ocrx_word' id='word_1_20' title='bbox 125 305 196 344; x_wconf 89' lang='lat' dir='ltr'>Cui</span> <span class='ocrx_word' id='word_1_21' title='bbox 228 305 298 343; x_wconf 91' lang='lat' dir='ltr'>dea</span> <span class='ocrx_word' id='word_1_22' title='bbox 331 301 428 342; x_wconf 73' lang='lat' dir='ltr'>‘duc</span> <span class='ocrx_word' id='word_1_23' title='bbox 448 300 478 343; x_wconf 78' lang='lat'>1⁹</span> <span class='ocrx_word' id='word_1_24' title='bbox 512 305 640 354; x_wconf 91' lang='lat' dir='ltr'>inquit</span> <span class='ocrx_word' id='word_1_25' title='bbox 672 300 831 354; x_wconf 62' lang='lat' dir='ltr'>‘scisti‚</span> <span class='ocrx_word' id='word_1_26' title='bbox 864 314 940 353; x_wconf 88' lang='lat' dir='ltr'>qua</span> <span class='ocrx_word' id='word_1_27' title='bbox 973 312 1112 351; x_wconf 86' lang='lat' dir='ltr'>cogere</span> <span class='ocrx_word' id='word_1_28' title='bbox 1145 298 1326 353; x_wconf 81' lang='lat' dir='ltr'>posses3’</span> 
     </span>
     <span class='ocr_line' id='line_1_5' title="bbox 186 361 1153 414; baseline -0.004 -13"><span class='ocrx_word' id='word_1_29' title='bbox 186 363 313 414; x_wconf 84' lang='lat' dir='ltr'>Seque</span> <span class='ocrx_word' id='word_1_30' title='bbox 345 362 446 401; x_wconf 86' lang='lat' dir='ltr'>levat</span> <span class='ocrx_word' id='word_1_31' title='bbox 478 374 598 414; x_wconf 84' lang='lat' dir='ltr'>saxo,</span> <span class='ocrx_word' id='word_1_32' title='bbox 631 361 963 412; x_wconf 79' lang='lat' dir='ltr'>subsequiturque</span> <span class='ocrx_word' id='word_1_33' title='bbox 997 371 1153 398; x_wconf 89' lang='lat' dir='ltr'>senem.</span> 
     </span>
     <span class='ocr_line' id='line_1_6' title="bbox 125 418 1210 472; baseline -0.006 -11"><span class='ocrx_word' id='word_1_34' title='bbox 125 422 209 461; x_wconf 87' lang='lat' dir='ltr'>Dux</span> <span class='ocrx_word' id='word_1_35' title='bbox 243 422 376 460; x_wconf 89' lang='lat' dir='ltr'>comiti</span> <span class='ocrx_word' id='word_1_36' title='bbox 408 426 569 472; x_wconf 86' lang='lat' dir='ltr'>narrat,</span> <span class='ocrx_word' id='word_1_37' title='bbox 602 432 717 472; x_wconf 88' lang='lat' dir='ltr'>quam</span> <span class='ocrx_word' id='word_1_38' title='bbox 750 421 800 458; x_wconf 88' lang='lat' dir='ltr'>sit</span> <span class='ocrx_word' id='word_1_39' title='bbox 831 418 905 458; x_wconf 90' lang='lat' dir='ltr'>sibi</span> <span class='ocrx_word' id='word_1_40' title='bbox 937 418 1039 457; x_wconf 89' lang='lat' dir='ltr'>filius</span> <span class='ocrx_word' id='word_1_41' title='bbox 1071 430 1210 470; x_wconf 80' lang='lat' dir='ltr'>aeger,</span> 
     </span>
     <span class='ocr_line' id='line_1_7' title="bbox 39 476 1062 529; baseline -0.006 -8"><span class='ocrx_word' id='word_1_42' title='bbox 39 490 105 521; x_wconf 88' lang='lat'>530</span> <span class='ocrx_word' id='word_1_43' title='bbox 185 480 265 519; x_wconf 88' lang='lat' dir='ltr'>Nec</span> <span class='ocrx_word' id='word_1_44' title='bbox 299 481 425 529; x_wconf 83' lang='lat' dir='ltr'>capiat</span> <span class='ocrx_word' id='word_1_45' title='bbox 456 491 613 518; x_wconf 85' lang='lat' dir='ltr'>somnos</span> <span class='ocrx_word' id='word_1_46' title='bbox 645 478 897 529; x_wconf 82' lang='lat' dir='ltr'>invigiletque</span> <span class='ocrx_word' id='word_1_47' title='bbox 930 476 1062 515; x_wconf 89' lang='lat' dir='ltr'>malis.</span> 
     </span>
     <span class='ocr_line' id='line_1_8' title="bbox 126 538 1070 589; baseline -0.003 -12"><span class='ocrx_word' id='word_1_48' title='bbox 126 539 191 578; x_wconf 88' lang='lat' dir='ltr'>Illa</span> <span class='ocrx_word' id='word_1_49' title='bbox 224 538 508 589; x_wconf 83' lang='lat' dir='ltr'>soporiferum,</span> <span class='ocrx_word' id='word_1_50' title='bbox 539 549 679 588; x_wconf 88' lang='lat' dir='ltr'>parvos</span> <span class='ocrx_word' id='word_1_51' title='bbox 711 539 854 576; x_wconf 89' lang='lat' dir='ltr'>initura</span> <span class='ocrx_word' id='word_1_52' title='bbox 886 541 1070 587; x_wconf 87' lang='lat' dir='ltr'>penates,</span> 
     </span>
     <span class='ocr_line' id='line_1_9' title="bbox 187 595 1008 648; baseline -0.002 -13"><span class='ocrx_word' id='word_1_53' title='bbox 187 597 341 648; x_wconf 83' lang='lat' dir='ltr'>Colligit</span> <span class='ocrx_word' id='word_1_54' title='bbox 372 598 517 647; x_wconf 81' lang='lat' dir='ltr'>agresti</span> <span class='ocrx_word' id='word_1_55' title='bbox 549 596 634 635; x_wconf 87' lang='lat' dir='ltr'>lene</span> <span class='ocrx_word' id='word_1_56' title='bbox 667 607 834 647; x_wconf 87' lang='lat' dir='ltr'>papaver</span> <span class='ocrx_word' id='word_1_57' title='bbox 865 595 1008 634; x_wconf 85' lang='lat' dir='ltr'>humo.</span> 
     </span>
     <span class='ocr_line' id='line_1_10' title="bbox 128 653 1083 707; baseline -0.004 -12"><span class='ocrx_word' id='word_1_58' title='bbox 128 656 227 695; x_wconf 88' lang='lat' dir='ltr'>Dum</span> <span class='ocrx_word' id='word_1_59' title='bbox 259 655 382 707; x_wconf 75' lang='lat' dir='ltr'>legit,</span> <span class='ocrx_word' id='word_1_60' title='bbox 414 654 534 693; x_wconf 87' lang='lat' dir='ltr'>oblito</span> <span class='ocrx_word' id='word_1_61' title='bbox 567 655 693 694; x_wconf 81' lang='lat' dir='ltr'>fertur</span> <span class='ocrx_word' id='word_1_62' title='bbox 724 659 900 706; x_wconf 80' lang='lat' dir='ltr'>gustasse</span> <span class='ocrx_word' id='word_1_63' title='bbox 932 653 1083 705; x_wconf 84' lang='lat' dir='ltr'>palato,</span> 
     </span>
     <span class='ocr_line' id='line_1_11' title="bbox 187 712 1142 765; baseline -0.004 -12"><span class='ocrx_word' id='word_1_64' title='bbox 187 715 437 765; x_wconf 88' lang='lat' dir='ltr'>Longamque</span> <span class='ocrx_word' id='word_1_65' title='bbox 468 713 697 764; x_wconf 84' lang='lat' dir='ltr'>imprudens</span> <span class='ocrx_word' id='word_1_66' title='bbox 731 712 945 751; x_wconf 85' lang='lat' dir='ltr'>exsoluisse</span> <span class='ocrx_word' id='word_1_67' title='bbox 978 712 1142 750; x_wconf 84' lang='lat' dir='ltr'>famem.</span> 
     </span>
     <span class='ocr_line' id='line_1_12' title="bbox 42 771 1104 823; baseline -0.006 -10"><span class='ocrx_word' id='word_1_68' title='bbox 42 782 108 813; x_wconf 89' lang='lat'>535</span> <span class='ocrx_word' id='word_1_69' title='bbox 131 774 237 820; x_wconf 86' lang='lat' dir='ltr'>Quae</span> <span class='ocrx_word' id='word_1_70' title='bbox 271 774 360 823; x_wconf 86' lang='lat' dir='ltr'>quia</span> <span class='ocrx_word' id='word_1_71' title='bbox 391 773 583 823; x_wconf 86' lang='lat' dir='ltr'>principio</span> <span class='ocrx_word' id='word_1_72' title='bbox 616 773 747 822; x_wconf 87' lang='lat' dir='ltr'>posuit</span> <span class='ocrx_word' id='word_1_73' title='bbox 778 771 922 809; x_wconf 89' lang='lat' dir='ltr'>ieiunia</span> <span class='ocrx_word' id='word_1_74' title='bbox 954 771 1104 816; x_wconf 88' lang='lat' dir='ltr'>noctis,</span> 
     </span>
     <span class='ocr_line' id='line_1_13' title="bbox 188 827 1119 882; baseline -0.004 -13"><span class='ocrx_word' id='word_1_75' title='bbox 188 832 360 882; x_wconf 87' lang='lat' dir='ltr'>Tempus</span> <span class='ocrx_word' id='word_1_76' title='bbox 393 830 537 869; x_wconf 86' lang='lat' dir='ltr'>hahent</span> <span class='ocrx_word' id='word_1_77' title='bbox 569 834 716 880; x_wconf 86' lang='lat' dir='ltr'>mystae</span> <span class='ocrx_word' id='word_1_78' title='bbox 749 829 876 867; x_wconf 87' lang='lat' dir='ltr'>sidera</span> <span class='ocrx_word' id='word_1_79' title='bbox 907 829 988 866; x_wconf 87' lang='lat' dir='ltr'>visa</span> <span class='ocrx_word' id='word_1_80' title='bbox 1020 827 1119 866; x_wconf 86' lang='lat' dir='ltr'>cibi.</span> 
     </span>
     <span class='ocr_line' id='line_1_14' title="bbox 130 885 1189 938; baseline -0.006 -9"><span class='ocrx_word' id='word_1_81' title='bbox 130 890 266 929; x_wconf 89' lang='lat' dir='ltr'>Limen</span> <span class='ocrx_word' id='word_1_82' title='bbox 299 895 343 928; x_wconf 89' lang='lat' dir='ltr'>ut</span> <span class='ocrx_word' id='word_1_83' title='bbox 374 890 559 938; x_wconf 85' lang='lat' dir='ltr'>intravit,</span> <span class='ocrx_word' id='word_1_84' title='bbox 594 888 724 926; x_wconf 88' lang='lat' dir='ltr'>luctus</span> <span class='ocrx_word' id='word_1_85' title='bbox 757 887 860 925; x_wconf 88' lang='lat' dir='ltr'>videt</span> <span class='ocrx_word' id='word_1_86' title='bbox 891 888 1020 924; x_wconf 89' lang='lat' dir='ltr'>omnia</span> <span class='ocrx_word' id='word_1_87' title='bbox 1051 885 1189 936; x_wconf 84' lang='lat' dir='ltr'>plena,</span> 
     </span>
     <span class='ocr_line' id='line_1_15' title="bbox 188 945 1058 998; baseline -0.006 -11"><span class='ocrx_word' id='word_1_88' title='bbox 188 948 268 987; x_wconf 89' lang='lat' dir='ltr'>Iam</span> <span class='ocrx_word' id='word_1_89' title='bbox 300 959 389 998; x_wconf 91' lang='lat' dir='ltr'>spes</span> <span class='ocrx_word' id='word_1_90' title='bbox 420 949 460 985; x_wconf 92' lang='lat' dir='ltr'>in</span> <span class='ocrx_word' id='word_1_91' title='bbox 491 958 615 998; x_wconf 91' lang='lat' dir='ltr'>puero</span> <span class='ocrx_word' id='word_1_92' title='bbox 648 945 753 984; x_wconf 91' lang='lat' dir='ltr'>nulla</span> <span class='ocrx_word' id='word_1_93' title='bbox 785 945 919 984; x_wconf 89' lang='lat' dir='ltr'>salutis</span> <span class='ocrx_word' id='word_1_94' title='bbox 952 949 1058 983; x_wconf 86' lang='lat' dir='ltr'>erat.</span> 
     </span>
     <span class='ocr_line' id='line_1_16' title="bbox 130 1004 1167 1046; baseline -0.004 -1"><span class='ocrx_word' id='word_1_95' title='bbox 130 1007 251 1046; x_wconf 88' lang='lat' dir='ltr'>Matre</span> <span class='ocrx_word' id='word_1_96' title='bbox 285 1006 447 1045; x_wconf 89' lang='lat' dir='ltr'>salutata</span> <span class='ocrx_word' id='word_1_97' title='bbox 479 1027 524 1032; x_wconf 97' lang='lat'>—</span> <span class='ocrx_word' id='word_1_98' title='bbox 555 1010 680 1043; x_wconf 88' lang='lat' dir='ltr'>mater</span> <span class='ocrx_word' id='word_1_99' title='bbox 711 1004 899 1042; x_wconf 86' lang='lat' dir='ltr'>Metanira</span> <span class='ocrx_word' id='word_1_100' title='bbox 930 1008 1091 1042; x_wconf 83' lang='lat' dir='ltr'>vocatur</span> <span class='ocrx_word' id='word_1_101' title='bbox 1125 1024 1167 1029; x_wconf 85' lang='lat'>-—</span> 
     </span>
     <span class='ocr_line' id='line_1_17' title="bbox 45 1062 1021 1116; baseline -0.005 -11"><span class='ocrx_word' id='word_1_102' title='bbox 45 1075 112 1106; x_wconf 72' lang='grc'>540</span> <span class='ocrx_word' id='word_1_103' title='bbox 192 1065 358 1116; x_wconf 90' lang='lat' dir='ltr'>Iungere</span> <span class='ocrx_word' id='word_1_104' title='bbox 391 1065 544 1115; x_wconf 86' lang='lat' dir='ltr'>dignata</span> <span class='ocrx_word' id='word_1_105' title='bbox 577 1069 637 1102; x_wconf 89' lang='lat' dir='ltr'>est</span> <span class='ocrx_word' id='word_1_106' title='bbox 668 1075 711 1102; x_wconf 91' lang='lat' dir='ltr'>os</span> <span class='ocrx_word' id='word_1_107' title='bbox 743 1062 894 1114; x_wconf 87' lang='lat' dir='ltr'>puerile</span> <span class='ocrx_word' id='word_1_108' title='bbox 927 1074 1021 1100; x_wconf 81' lang='lat' dir='ltr'>sue.</span> 
     </span>
     <span class='ocr_line' id='line_1_18' title="bbox 133 1121 1250 1174; baseline -0.004 -12"><span class='ocrx_word' id='word_1_109' title='bbox 133 1124 258 1163; x_wconf 86' lang='lat' dir='ltr'>Pallor</span> <span class='ocrx_word' id='word_1_110' title='bbox 290 1122 398 1174; x_wconf 88' lang='lat' dir='ltr'>abit,</span> <span class='ocrx_word' id='word_1_111' title='bbox 432 1122 659 1173; x_wconf 88' lang='lat' dir='ltr'>subitasque</span> <span class='ocrx_word' id='word_1_112' title='bbox 691 1121 824 1160; x_wconf 84' lang='lat' dir='ltr'>vident</span> <span class='ocrx_word' id='word_1_113' title='bbox 855 1123 894 1159; x_wconf 94' lang='lat' dir='ltr'>in</span> <span class='ocrx_word' id='word_1_114' title='bbox 928 1132 1092 1172; x_wconf 79' lang='lat' dir='ltr'>corpore</span> <span class='ocrx_word' id='word_1_115' title='bbox 1126 1121 1250 1158; x_wconf 88' lang='lat' dir='ltr'>vires.</span> 
     </span>
     <span class='ocr_line' id='line_1_19' title="bbox 154 1179 1010 1230; baseline -0.005 -10"><span class='ocrx_word' id='word_1_116' title='bbox 154 1209 157 1213; x_wconf 91' lang='lat'>-</span> <span class='ocrx_word' id='word_1_117' title='bbox 191 1182 339 1220; x_wconf 88' lang='lat' dir='ltr'>Tantus</span> <span class='ocrx_word' id='word_1_118' title='bbox 372 1180 531 1220; x_wconf 87' lang='lat' dir='ltr'>caelesti</span> <span class='ocrx_word' id='word_1_119' title='bbox 562 1181 667 1219; x_wconf 87' lang='lat' dir='ltr'>venit</span> <span class='ocrx_word' id='word_1_120' title='bbox 699 1179 746 1218; x_wconf 89' lang='lat' dir='ltr'>ab</span> <span class='ocrx_word' id='word_1_121' title='bbox 780 1192 847 1218; x_wconf 90' lang='lat' dir='ltr'>ore</span> <span class='ocrx_word' id='word_1_122' title='bbox 879 1180 1010 1230; x_wconf 86' lang='lat' dir='ltr'>vigor.</span> 
     </span>
     <span class='ocr_line' id='line_1_20' title="bbox 133 1238 1353 1289; baseline -0.004 -10"><span class='ocrx_word' id='word_1_123' title='bbox 133 1241 230 1279; x_wconf 88' lang='lat' dir='ltr'>Tota</span> <span class='ocrx_word' id='word_1_124' title='bbox 262 1240 400 1278; x_wconf 90' lang='lat' dir='ltr'>domus</span> <span class='ocrx_word' id='word_1_125' title='bbox 432 1240 530 1278; x_wconf 90' lang='lat' dir='ltr'>laeta</span> <span class='ocrx_word' id='word_1_126' title='bbox 563 1244 650 1278; x_wconf 89' lang='lat' dir='ltr'>est:</span> <span class='ocrx_word' id='word_1_127' title='bbox 701 1238 774 1276; x_wconf 90' lang='lat' dir='ltr'>hoc</span> <span class='ocrx_word' id='word_1_128' title='bbox 807 1243 894 1289; x_wconf 84' lang='lat' dir='ltr'>est,</span> <span class='ocrx_word' id='word_1_129' title='bbox 929 1242 1128 1288; x_wconf 86' lang='lat' dir='ltr'>materque</span> <span class='ocrx_word' id='word_1_130' title='bbox 1162 1241 1353 1287; x_wconf 86' lang='lat' dir='ltr'>paterque</span> 
     </span>
     <span class='ocr_line' id='line_1_21' title="bbox 191 1296 1065 1350; baseline -0.005 -12"><span class='ocrx_word' id='word_1_131' title='bbox 191 1299 397 1350; x_wconf 86' lang='lat' dir='ltr'>Nataque:</span> <span class='ocrx_word' id='word_1_132' title='bbox 448 1304 528 1337; x_wconf 84' lang='lat' dir='ltr'>tres</span> <span class='ocrx_word' id='word_1_133' title='bbox 561 1297 615 1336; x_wconf 93' lang='lat' dir='ltr'>illi</span> <span class='ocrx_word' id='word_1_134' title='bbox 648 1303 727 1336; x_wconf 90' lang='lat' dir='ltr'>tota</span> <span class='ocrx_word' id='word_1_135' title='bbox 760 1298 870 1335; x_wconf 86' lang='lat' dir='ltr'>suere</span> <span class='ocrx_word' id='word_1_136' title='bbox 903 1296 1065 1335; x_wconf 90' lang='lat' dir='ltr'>domus.</span> 
     </span>
     <span class='ocr_line' id='line_1_22' title="bbox 49 1354 1165 1408; baseline -0.004 -11"><span class='ocrx_word' id='word_1_137' title='bbox 49 1367 114 1398; x_wconf 78' lang='lat'>545</span> <span class='ocrx_word' id='word_1_138' title='bbox 136 1358 224 1396; x_wconf 83' lang='lat' dir='ltr'>Mox</span> <span class='ocrx_word' id='word_1_139' title='bbox 257 1357 390 1408; x_wconf 85' lang='lat' dir='ltr'>epulas</span> <span class='ocrx_word' id='word_1_140' title='bbox 423 1362 603 1408; x_wconf 80' lang='lat' dir='ltr'>ponunt,</span> <span class='ocrx_word' id='word_1_141' title='bbox 635 1356 843 1406; x_wconf 77' lang='lat' dir='ltr'>liquefacta</span> <span class='ocrx_word' id='word_1_142' title='bbox 876 1354 1035 1406; x_wconf 86' lang='lat' dir='ltr'>coagula</span> <span class='ocrx_word' id='word_1_143' title='bbox 1066 1354 1165 1392; x_wconf 89' lang='lat' dir='ltr'>lacte</span> 
     </span>
     <span class='ocr_line' id='line_1_23' title="bbox 193 1413 1095 1467; baseline -0.004 -12"><span class='ocrx_word' id='word_1_144' title='bbox 193 1417 389 1467; x_wconf 86' lang='lat' dir='ltr'>Pomaque</span> <span class='ocrx_word' id='word_1_145' title='bbox 423 1422 461 1454; x_wconf 91' lang='lat' dir='ltr'>et</span> <span class='ocrx_word' id='word_1_146' title='bbox 492 1417 531 1453; x_wconf 93' lang='lat' dir='ltr'>in</span> <span class='ocrx_word' id='word_1_147' title='bbox 564 1416 665 1453; x_wconf 91' lang='lat' dir='ltr'>ceris</span> <span class='ocrx_word' id='word_1_148' title='bbox 698 1426 815 1453; x_wconf 88' lang='lat' dir='ltr'>aurea</span> <span class='ocrx_word' id='word_1_149' title='bbox 847 1413 959 1452; x_wconf 89' lang='lat' dir='ltr'>mella</span> <span class='ocrx_word' id='word_1_150' title='bbox 992 1414 1095 1452; x_wconf 87' lang='lat' dir='ltr'>suis.</span> 
     </span>
     <span class='ocr_line' id='line_1_24' title="bbox 135 1473 1253 1524; baseline -0.004 -10"><span class='ocrx_word' id='word_1_151' title='bbox 135 1475 314 1514; x_wconf 83' lang='lat' dir='ltr'>Abstinet</span> <span class='ocrx_word' id='word_1_152' title='bbox 346 1474 444 1512; x_wconf 87' lang='lat' dir='ltr'>alma</span> <span class='ocrx_word' id='word_1_153' title='bbox 476 1473 623 1524; x_wconf 76' lang='lat' dir='ltr'>Ceres,</span> <span class='ocrx_word' id='word_1_154' title='bbox 657 1474 861 1523; x_wconf 89' lang='lat' dir='ltr'>somnique</span> <span class='ocrx_word' id='word_1_155' title='bbox 893 1483 1084 1523; x_wconf 84' lang='lat' dir='ltr'>papavera</span> <span class='ocrx_word' id='word_1_156' title='bbox 1117 1482 1253 1509; x_wconf 86' lang='lat' dir='ltr'>causas</span> 
     </span>
     <span class='ocr_line' id='line_1_25' title="bbox 195 1530 1167 1583; baseline -0.004 -11"><span class='ocrx_word' id='word_1_157' title='bbox 195 1533 268 1572; x_wconf 86' lang='lat' dir='ltr'>Dat</span> <span class='ocrx_word' id='word_1_158' title='bbox 298 1532 369 1572; x_wconf 88' lang='lat' dir='ltr'>tibi</span> <span class='ocrx_word' id='word_1_159' title='bbox 402 1544 490 1571; x_wconf 92' lang='lat' dir='ltr'>cum</span> <span class='ocrx_word' id='word_1_160' title='bbox 523 1531 654 1583; x_wconf 89' lang='lat' dir='ltr'>tepido</span> <span class='ocrx_word' id='word_1_161' title='bbox 686 1531 785 1570; x_wconf 87' lang='lat' dir='ltr'>lacte</span> <span class='ocrx_word' id='word_1_162' title='bbox 817 1530 984 1569; x_wconf 85' lang='lat' dir='ltr'>hibenda</span> <span class='ocrx_word' id='word_1_163' title='bbox 1003 1561 1014 1582; x_wconf 84' lang='lat'><em>‚</em></span> <span class='ocrx_word' id='word_1_164' title='bbox 1046 1542 1167 1581; x_wconf 87' lang='lat' dir='ltr'>puer.</span> 
     </span>
     <span class='ocr_line' id='line_1_26' title="bbox 136 1589 1210 1641; baseline -0.005 -10"><span class='ocrx_word' id='word_1_165' title='bbox 136 1592 268 1631; x_wconf 89' lang='lat' dir='ltr'>Noctis</span> <span class='ocrx_word' id='word_1_166' title='bbox 302 1597 385 1630; x_wconf 84' lang='lat' dir='ltr'>erat</span> <span class='ocrx_word' id='word_1_167' title='bbox 415 1590 587 1630; x_wconf 88' lang='lat' dir='ltr'>medium</span> <span class='ocrx_word' id='word_1_168' title='bbox 620 1589 840 1641; x_wconf 89' lang='lat' dir='ltr'>placidique</span> <span class='ocrx_word' id='word_1_169' title='bbox 874 1589 1026 1628; x_wconf 86' lang='lat' dir='ltr'>silentia</span> <span class='ocrx_word' id='word_1_170' title='bbox 1059 1589 1210 1627; x_wconf 86' lang='lat' dir='ltr'>somni:</span> 
     </span>
     <span class='ocr_line' id='line_1_27' title="bbox 49 1648 1077 1701; baseline -0.005 -10"><span class='ocrx_word' id='word_1_171' title='bbox 49 1659 116 1691; x_wconf 86' lang='lat'>550</span> <span class='ocrx_word' id='word_1_172' title='bbox 196 1650 480 1701; x_wconf 88' lang='lat' dir='ltr'>Triptolemum</span> <span class='ocrx_word' id='word_1_173' title='bbox 512 1650 660 1700; x_wconf 91' lang='lat' dir='ltr'>gremio</span> <span class='ocrx_word' id='word_1_174' title='bbox 696 1648 854 1687; x_wconf 90' lang='lat' dir='ltr'>sustulit</span> <span class='ocrx_word' id='word_1_175' title='bbox 885 1648 949 1687; x_wconf 92' lang='lat' dir='ltr'>illa</span> <span class='ocrx_word' id='word_1_176' title='bbox 982 1660 1077 1698; x_wconf 80' lang='lat' dir='ltr'>suo,</span> 
     </span>
     <span class='ocr_line' id='line_1_28' title="bbox 138 1705 1295 1760; baseline -0.004 -12"><span class='ocrx_word' id='word_1_177' title='bbox 138 1710 293 1760; x_wconf 88' lang='lat' dir='ltr'>Terque</span> <span class='ocrx_word' id='word_1_178' title='bbox 326 1721 441 1747; x_wconf 88' lang='lat' dir='ltr'>manu</span> <span class='ocrx_word' id='word_1_179' title='bbox 475 1707 682 1759; x_wconf 87' lang='lat' dir='ltr'>permulsit</span> <span class='ocrx_word' id='word_1_180' title='bbox 713 1720 832 1759; x_wconf 85' lang='lat' dir='ltr'>eum,</span> <span class='ocrx_word' id='word_1_181' title='bbox 865 1708 939 1745; x_wconf 85' lang='lat' dir='ltr'>tria</span> <span class='ocrx_word' id='word_1_182' title='bbox 972 1707 1143 1745; x_wconf 88' lang='lat' dir='ltr'>carmina</span> <span class='ocrx_word' id='word_1_183' title='bbox 1175 1705 1295 1756; x_wconf 82' lang='lat' dir='ltr'>dixit,</span> 
     </span>
     <span class='ocr_line' id='line_1_29' title="bbox 197 1765 1064 1817; baseline -0.003 -11"><span class='ocrx_word' id='word_1_184' title='bbox 197 1767 376 1806; x_wconf 86' lang='lat' dir='ltr'>Carmina</span> <span class='ocrx_word' id='word_1_185' title='bbox 408 1766 563 1805; x_wconf 87' lang='lat' dir='ltr'>mortali</span> <span class='ocrx_word' id='word_1_186' title='bbox 594 1778 672 1804; x_wconf 91' lang='lat' dir='ltr'>non</span> <span class='ocrx_word' id='word_1_187' title='bbox 705 1765 910 1805; x_wconf 81' lang='lat' dir='ltr'>reserenda</span> <span class='ocrx_word' id='word_1_188' title='bbox 943 1777 1064 1817; x_wconf 78' lang='lat' dir='ltr'>sone,</span> 
     </span>
     <span class='ocr_line' id='line_1_30' title="bbox 139 1823 1047 1878; baseline -0.003 -13"><span class='ocrx_word' id='word_1_189' title='bbox 139 1826 262 1878; x_wconf 80' lang='lat' dir='ltr'>Inque</span> <span class='ocrx_word' id='word_1_190' title='bbox 295 1827 381 1864; x_wconf 83' lang='lat' dir='ltr'>foco</span> <span class='ocrx_word' id='word_1_191' title='bbox 414 1837 558 1876; x_wconf 87' lang='lat' dir='ltr'>corpus</span> <span class='ocrx_word' id='word_1_192' title='bbox 590 1825 705 1875; x_wconf 86' lang='lat' dir='ltr'>pueri</span> <span class='ocrx_word' id='word_1_193' title='bbox 736 1826 888 1863; x_wconf 86' lang='lat' dir='ltr'>vivente</span> <span class='ocrx_word' id='word_1_194' title='bbox 922 1823 1047 1862; x_wconf 81' lang='lat' dir='ltr'>favilla</span> 
     </span>
     <span class='ocr_line' id='line_1_31' title="bbox 198 1883 1150 1935; baseline -0.003 -12"><span class='ocrx_word' id='word_1_195' title='bbox 198 1884 368 1935; x_wconf 86' lang='lat' dir='ltr'>Obruit,</span> <span class='ocrx_word' id='word_1_196' title='bbox 400 1884 614 1923; x_wconf 88' lang='lat' dir='ltr'>humanum</span> <span class='ocrx_word' id='word_1_197' title='bbox 646 1888 787 1934; x_wconf 87' lang='lat' dir='ltr'>purget</span> <span class='ocrx_word' id='word_1_198' title='bbox 818 1888 862 1921; x_wconf 86' lang='lat' dir='ltr'>ut</span> <span class='ocrx_word' id='word_1_199' title='bbox 893 1883 994 1933; x_wconf 89' lang='lat' dir='ltr'>ignis</span> <span class='ocrx_word' id='word_1_200' title='bbox 1027 1894 1150 1920; x_wconf 74' lang='lat' dir='ltr'>onus,</span> 
     </span>
     <span class='ocr_line' id='line_1_32' title="bbox 52 1941 1186 1993; baseline -0.004 -10"><span class='ocrx_word' id='word_1_201' title='bbox 52 1952 119 1984; x_wconf 88' lang='lat'>555</span> <span class='ocrx_word' id='word_1_202' title='bbox 140 1944 348 1982; x_wconf 79' lang='lat' dir='ltr'>Excutitur</span> <span class='ocrx_word' id='word_1_203' title='bbox 380 1954 516 1981; x_wconf 89' lang='lat' dir='ltr'>somno</span> <span class='ocrx_word' id='word_1_204' title='bbox 550 1941 669 1981; x_wconf 89' lang='lat' dir='ltr'>stulte</span> <span class='ocrx_word' id='word_1_205' title='bbox 700 1943 764 1993; x_wconf 88' lang='lat' dir='ltr'>pia</span> <span class='ocrx_word' id='word_1_206' title='bbox 794 1946 948 1993; x_wconf 85' lang='lat' dir='ltr'>mater,</span> <span class='ocrx_word' id='word_1_207' title='bbox 981 1946 1020 1980; x_wconf 90' lang='lat' dir='ltr'>et</span> <span class='ocrx_word' id='word_1_208' title='bbox 1052 1952 1186 1979; x_wconf 88' lang='lat' dir='ltr'>amens</span> 
     </span>
     <span class='ocr_line' id='line_1_33' title="bbox 199 1998 1251 2052; baseline -0.005 -11"><span class='ocrx_word' id='word_1_209' title='bbox 199 1999 324 2048; x_wconf 73' lang='lat' dir='ltr'>‘Quid</span> <span class='ocrx_word' id='word_1_210' title='bbox 357 2002 452 2040; x_wconf 86' lang='lat' dir='ltr'>facis</span> <span class='ocrx_word' id='word_1_211' title='bbox 472 1998 514 2040; x_wconf 66' lang='lat'>‘3&#39;</span> <span class='ocrx_word' id='word_1_212' title='bbox 548 1999 765 2052; x_wconf 83' lang='lat' dir='ltr'>exclamat,</span> <span class='ocrx_word' id='word_1_213' title='bbox 798 1999 1050 2051; x_wconf 85' lang='lat' dir='ltr'>membraque</span> <span class='ocrx_word' id='word_1_214' title='bbox 1083 1998 1129 2038; x_wconf 88' lang='lat' dir='ltr'>ab</span> <span class='ocrx_word' id='word_1_215' title='bbox 1162 1999 1251 2049; x_wconf 87' lang='lat' dir='ltr'>igne</span> 
     </span>
     <span class='ocr_line' id='line_1_34' title="bbox 871 2060 994 2109; baseline 0 -12"><span class='ocrx_word' id='word_1_216' title='bbox 871 2060 994 2109; x_wconf 84' lang='lat' dir='ltr'>rapit.</span> 
     </span>
     <span class='ocr_line' id='line_1_35' title="bbox 142 2114 1238 2169; baseline -0.004 -11"><span class='ocrx_word' id='word_1_217' title='bbox 142 2119 213 2158; x_wconf 91' lang='lat' dir='ltr'>Cui</span> <span class='ocrx_word' id='word_1_218' title='bbox 245 2119 316 2158; x_wconf 86' lang='lat' dir='ltr'>dea</span> <span class='ocrx_word' id='word_1_219' title='bbox 349 2115 465 2158; x_wconf 75' lang='lat' dir='ltr'>‘dum</span> <span class='ocrx_word' id='word_1_220' title='bbox 496 2130 575 2157; x_wconf 88' lang='lat' dir='ltr'>non</span> <span class='ocrx_word' id='word_1_221' title='bbox 608 2131 649 2157; x_wconf 91' lang='lat' dir='ltr'>es</span> <span class='ocrx_word' id='word_1_222' title='bbox 667 2115 701 2169; x_wconf 79' lang='lat'>‚³</span> <span class='ocrx_word' id='word_1_223' title='bbox 735 2116 831 2156; x_wconf 85' lang='lat' dir='ltr'>dixit</span> <span class='ocrx_word' id='word_1_224' title='bbox 863 2114 1074 2156; x_wconf 64' lang='lat' dir='ltr'>‘scelerata</span> <span class='ocrx_word' id='word_1_225' title='bbox 1106 2116 1238 2155; x_wconf 83' lang='lat' dir='ltr'>suisti:</span> 
     </span>
     <span class='ocr_line' id='line_1_36' title="bbox 200 2176 1065 2217; baseline -0.002 -1"><span class='ocrx_word' id='word_1_226' title='bbox 200 2178 320 2216; x_wconf 89' lang='lat' dir='ltr'>Inrita</span> <span class='ocrx_word' id='word_1_227' title='bbox 352 2184 528 2217; x_wconf 86' lang='lat' dir='ltr'>materno</span> <span class='ocrx_word' id='word_1_228' title='bbox 561 2183 653 2216; x_wconf 87' lang='lat' dir='ltr'>sunt</span> <span class='ocrx_word' id='word_1_229' title='bbox 685 2189 770 2215; x_wconf 84' lang='lat' dir='ltr'>mea</span> <span class='ocrx_word' id='word_1_230' title='bbox 803 2176 903 2215; x_wconf 89' lang='lat' dir='ltr'>dona</span> <span class='ocrx_word' id='word_1_231' title='bbox 935 2181 1065 2214; x_wconf 88' lang='lat' dir='ltr'>metu.</span> 
     </span>
     <span class='ocr_line' id='line_1_37' title="bbox 143 2232 1208 2287; baseline -0.003 -12"><span class='ocrx_word' id='word_1_232' title='bbox 143 2237 220 2275; x_wconf 88' lang='lat' dir='ltr'>Iste</span> <span class='ocrx_word' id='word_1_233' title='bbox 254 2235 411 2287; x_wconf 90' lang='lat' dir='ltr'>quidem</span> <span class='ocrx_word' id='word_1_234' title='bbox 443 2235 618 2275; x_wconf 88' lang='lat' dir='ltr'>mortalis</span> <span class='ocrx_word' id='word_1_235' title='bbox 652 2237 755 2274; x_wconf 91' lang='lat' dir='ltr'>erit:</span> <span class='ocrx_word' id='word_1_236' title='bbox 801 2235 868 2274; x_wconf 87' lang='lat' dir='ltr'>sed</span> <span class='ocrx_word' id='word_1_237' title='bbox 901 2236 1051 2285; x_wconf 89' lang='lat' dir='ltr'>primus</span> <span class='ocrx_word' id='word_1_238' title='bbox 1084 2232 1208 2272; x_wconf 87' lang='lat' dir='ltr'>arabit</span> 
     </span>
     <span class='ocr_line' id='line_1_38' title="bbox 54 2289 1135 2346; baseline -0.003 -12"><span class='ocrx_word' id='word_1_239' title='bbox 54 2303 121 2335; x_wconf 80' lang='grc'>560</span> <span class='ocrx_word' id='word_1_240' title='bbox 201 2295 251 2334; x_wconf 91' lang='lat' dir='ltr'>Et</span> <span class='ocrx_word' id='word_1_241' title='bbox 283 2300 388 2334; x_wconf 89' lang='lat' dir='ltr'>seret</span> <span class='ocrx_word' id='word_1_242' title='bbox 419 2300 459 2334; x_wconf 91' lang='lat' dir='ltr'>et</span> <span class='ocrx_word' id='word_1_243' title='bbox 490 2294 592 2334; x_wconf 84' lang='lat' dir='ltr'>culta</span> <span class='ocrx_word' id='word_1_244' title='bbox 625 2295 798 2346; x_wconf 88' lang='lat' dir='ltr'>praemia</span> <span class='ocrx_word' id='word_1_245' title='bbox 830 2293 941 2333; x_wconf 89' lang='lat' dir='ltr'>tollet</span> <span class='ocrx_word' id='word_1_246' title='bbox 971 2289 1135 2332; x_wconf 89' lang='lat' dir='ltr'>humo.&#39;</span> 
     </span>
    </p>
   </div>
  </div>
 </body>
</html>
