1601 2484
190 78 305 114 XXIV

189 187 279 224 libri
311 188 468 225 secundi
493 187 703 238 quidquam
729 188 1031 227 dinumerationi
1060 193 1218 227 nostrae
1244 190 1376 227 obstat
1406 201 1518 237 prae-

189 247 249 282 ter
279 245 447 283 disticha
478 258 501 282 a
526 245 704 282 Bentleio
730 246 813 283 iure
840 247 985 295 optimo
1012 248 1163 285 abiecta
1188 248 1228 285 II
1253 256 1282 284 V
1309 249 1360 285 67
1391 248 1443 285 68
1477 248 1518 284 et

188 302 228 339 II
259 312 307 340 VI
335 305 386 341 23
422 305 487 340 24.
560 303 760 351 inscriptio
792 304 884 341 libri
913 306 1022 343 tertii
1053 306 1204 343 adiecta
1234 305 1311 342 fuit
1341 305 1382 341 in
1413 305 1516 342 calce

188 374 222 409 p.
245 355 358 411 (71),
395 362 440 396 ut
471 359 689 410 Georgicon
726 361 870 410 scripta
901 366 960 401 est
990 363 1030 400 in
1060 367 1234 402 extrema
1264 363 1408 413 pagina
1437 363 1515 399 Bu-

189 418 337 456 colicon
379 417 518 455 codicis
556 418 736 456 Medicei:
778 419 825 456 de
863 433 938 469 quo
982 422 1230 470 antiquorum
1266 420 1517 458 librariorum

188 487 262 512 usu
299 476 618 514 commemoravit
656 476 928 516 Lachmannus
966 479 1015 516 ad
1052 479 1164 517 Luer.
1202 493 1239 527 p.
1274 481 1338 517 72.
1412 479 1515 526 capi-

191 534 273 571 tula
305 534 509 582 archetypi
532 534 758 572 Lucretiani
789 536 846 573 ita
870 537 1085 575 adhaerent
1109 537 1262 586 paginis
1291 538 1387 585 159,
1422 538 1517 583 194,

190 593 291 629 263:
334 592 536 640 inscriptio
579 601 836 632 MESSALINO
873 594 914 632 in
950 594 1241 644 Hamburgensi
1272 595 1382 633 Pont.
1413 594 1453 631 ΙΙ
1484 602 1517 632 11

190 649 320 687 versui
356 650 395 687 H
432 658 447 687 1
488 652 559 698 68,
607 659 763 690 MACRO
801 652 841 688 Π
867 661 969 690 V1111
1007 654 1061 691 80
1099 653 1259 691 adiecta.
1344 666 1379 701 p.
1407 647 1515 703 (72)

188 708 318 756 inepte
374 709 656 746 resarcinatum
707 710 850 747 habere
906 710 1061 748 videtur
1109 713 1352 759 postremum
1407 710 1516 747 disti-

189 766 296 804 chon.
372 779 409 815 p.
431 761 524 818 (76)
571 767 781 805 manifesta
824 771 915 806 sunt
952 768 1220 806 additamenta
1259 768 1354 816 duo,
1397 769 1517 805 inter-

188 824 378 873 polatoris
421 826 647 863 recentioris
687 829 914 875 utrumque,
959 839 981 864 a
1018 827 1164 864 Kornio
1208 829 1313 864 recte
1357 826 1518 864 seclusa.

188 895 223 931 p.
258 878 352 934 (78)
384 882 446 919 III
476 892 492 920 Ι
527 885 606 922 143
650 886 731 922 144
764 885 946 922 Heinsius
985 886 1025 922 et
1057 885 1123 922 alii
1155 887 1439 933 expunxerunt,
1477 885 1520 921 in

189 954 225 989 p.
252 935 348 992 (79)
394 943 568 978 extrema
608 942 748 979 lacuna
797 943 993 991 suppleta,
1044 944 1146 992 quod
1189 943 1360 980 Kornius
1402 942 1516 980 intel·

188 999 293 1036 lexit.
367 999 487 1036 etiam
524 1002 698 1038 extrema
734 1014 769 1048 p.
792 997 913 1050 (102)
952 1013 1050 1050 quae
1089 1001 1380 1049 circumscripta
1417 1001 1518 1049 dedi,

189 1057 338 1094 habent
380 1057 551 1095 insubidi
587 1059 754 1096 multum
795 1061 835 1096 et
871 1059 1134 1108 incompositi,
1177 1071 1246 1097 nec
1283 1059 1519 1096 mutaverim

187 1115 385 1153 iudicium.
456 1115 497 1152 in
535 1116 622 1153 aliis
663 1116 836 1154 eiusdem
872 1117 913 1153 in
949 1118 1101 1167 paginis
1132 1117 1223 1165 loci,
1261 1112 1373 1167 (78),
1412 1113 1519 1166 (81),

192 1168 287 1225 (91)
309 1173 501 1211 cancellos
521 1174 683 1221 removi,
710 1179 779 1211 aut
799 1175 974 1213 sublatos
994 1176 1129 1213 velim:
1161 1176 1202 1212 in
1220 1175 1348 1212 media
1366 1188 1403 1223 p.
1423 1171 1517 1226 (90)

187 1232 316 1269 nescio
354 1244 429 1279 quo
468 1243 598 1269 errore
636 1232 738 1269 illati
775 1232 863 1270 sint.
936 1233 1087 1281 reliqua
1123 1233 1253 1270 omnia
1284 1233 1521 1270 examussim

187 1290 408 1328 collineant.

304 1347 401 1386 Post
419 1361 454 1396 p.
478 1342 601 1400 (110)
630 1360 728 1398 quae
754 1350 906 1386 restant
929 1349 1096 1398 paginae
1122 1357 1266 1387 XXXVI
1291 1350 1519 1386 lacunarum

187 1406 366 1444 finalium
402 1407 683 1455 supplementis
723 1408 817 1445 satis
858 1407 1076 1444 manifestis
1115 1410 1154 1444 et
1193 1407 1334 1455 ineptis
1367 1407 1520 1445 duobus

187 1465 269 1502 ΙΙΠ
300 1472 403 1502 VIIII
438 1467 491 1502 94
526 1466 577 1502 95
612 1467 651 1502 et
670 1473 731 1502 XV
752 1467 805 1503 34
838 1465 968 1502 dirimi
999 1468 1117 1513 atque
1148 1465 1236 1502 inde
1269 1465 1432 1514 paginas
1465 1466 1518 1502 di-

188 1521 405 1559 metiendas
449 1523 650 1570 putabam.
722 1522 760 1559 in
799 1523 969 1571 paginis
996 1518 1119 1574 (111)
1151 1523 1200 1559 ad
1233 1519 1355 1575 (128)
1399 1536 1519 1561 unum

188 1581 382 1618 distichon
420 1580 608 1618 abundat:
647 1580 848 1618 Bentleius
880 1580 961 1617 IIII
992 1590 1094 1618 VIIII
1127 1583 1179 1619 25
1215 1583 1267 1619 26
1300 1582 1520 1619 tollendum

187 1640 373 1689 putabat,
405 1651 480 1687 quo
513 1639 667 1676 sublato
698 1651 769 1676 nec
799 1638 1035 1687 proximum,
1069 1652 1190 1688 aeque
1221 1639 1376 1677 fatuum
1408 1642 1448 1677 et
1473 1653 1520 1677 ex

188 1698 293 1736 Fast.
338 1697 358 1734 I
399 1698 451 1735 82
499 1696 686 1745 effictum,
729 1699 908 1746 perstare
947 1698 1104 1745 poterit.
1177 1711 1313 1735 versus
1351 1699 1519 1748 paginae

189 1756 264 1793 duo
298 1754 469 1804 supremi
500 1754 683 1804 suppleti,
716 1756 885 1793 alterum
910 1754 1105 1793 distichon
1135 1756 1299 1804 posthac
1325 1757 1521 1794 adiectum

188 1815 354 1852 videtur.
428 1813 573 1862 pagina
615 1813 791 1861 proxima
833 1816 1127 1862 pentametrum
1164 1816 1269 1852 certe
1314 1816 1520 1853 suffectum

188 1873 343 1921 habuit,
382 1871 573 1921 siquidem
613 1883 716 1920 popa
754 1874 822 1910 aut
859 1872 1086 1921 cultrarius,
1124 1884 1202 1910 non
1232 1874 1366 1911 consul
1398 1874 1520 1911 boves

188 1931 370 1969 trucidat.

308 1990 439 2038 Atque
470 1988 511 2026 in
541 1988 602 2025 his
634 1988 757 2026 satius
790 1990 875 2026 erat
907 1988 1137 2037 subsistere,
1169 2001 1256 2026 cum
1288 1989 1520 2037 paginarum

190 2060 291 2097 quae
330 2049 481 2085 restant
512 2055 629 2084 XVIII
668 2046 878 2095 descriptio
917 2059 1037 2095 aeque
1070 2048 1122 2085 sit
1152 2047 1300 2084 incerta
1332 2050 1449 2096 atque
1480 2048 1522 2085 in

191 2107 308 2145 Ibide.
384 2104 467 2143 IIII
497 2113 560 2142 XV
593 2106 647 2142 34
686 2104 718 2142 si
749 2105 853 2142 solus
885 2107 1131 2153 pentameter
1163 2106 1385 2154 suppletus,
1418 2107 1520 2143 clau-

194 2165 290 2203 sisse
322 2164 508 2213 paginam
538 2162 736 2212 putandus
770 2164 845 2200 est:
879 2162 913 2200 si
945 2163 994 2200 ad
1024 2164 1123 2201 hanc
1156 2175 1178 2200 a
1209 2164 1385 2201 clausula
1411 2176 1522 2212 supe-

191 2223 293 2261 riore
326 2222 491 2272 paginae
517 2230 597 2259 XVI
627 2221 899 2269 informantur,
930 2233 1067 2259 versus
1099 2229 1167 2259 XII
1197 2224 1331 2259 tamen
1362 2234 1523 2270 exsupe-

191 2283 293 2319 rant.
353 2292 490 2318 versus
512 2279 646 2318 decem
666 2279 852 2329 epistolae
873 2287 903 2317 X
923 2279 1074 2328 pridem
1095 2280 1266 2328 suspecti
1285 2280 1380 2317 mihi
1400 2283 1523 2318 erant.
