1575 2489
558 55 599 87 v.
627 56 824 88 233—304.
1272 54 1357 96 319

136 161 231 200 Vina
264 174 420 212 quoque
453 163 491 200 in
526 164 676 213 magnis
708 174 873 212 operose
905 162 1060 201 condita
1092 162 1202 201 cellis

49 228 115 259 270
196 220 386 271 Florem,
419 226 458 258 et
488 220 654 259 nebulae
687 220 788 259 dolia
821 232 972 259 summa
1003 227 1164 271 tegunt.

135 278 248 317 Mella
279 290 410 318 meum
442 290 618 318 munus:
663 279 842 317 volucres
875 291 945 330 ego
979 279 1090 318 mella
1123 279 1280 318 daturas

193 337 251 375 Ad
283 336 422 375 violam
455 343 493 375 et
526 339 669 388 cytisos
703 344 741 376 et
772 337 905 388 thyma
935 349 1030 376 cana
1062 349 1180 376 voco.

137 394 233 444 [Nos
266 407 421 446 quoque
454 395 557 434 idem
590 397 754 434 facimus
786 402 880 435 tunc
899 427 910 448 ‚
942 407 1032 434 cum
1063 395 1308 435 iuvenalibus

865 466 977 493 annls

195 511 413 551 Luxuriant
445 514 591 564 animi,
625 525 868 564 corporaque
900 515 984 564 ipsa
1015 509 1214 564 vigent.']

48 578 115 609 275
138 569 244 609 Talia
276 571 471 609 dicentem
504 573 646 610 tacitus
678 571 875 610 mirabar.
932 577 970 610 at
1001 571 1064 610 illa

195 625 281 668 ‘Ius
313 629 385 667 tibi
418 629 622 681 discendi,
655 631 765 680 siqua
797 627 989 681 requiris'
1023 631 1100 670 ait.

136 683 227 726 ‘Dic
260 684 382 739 dea‚'
414 688 601 739 respondi
635 685 837 727 eludorum
871 701 969 739 quae
1003 690 1054 727 sit
1085 686 1240 740 origo.'

195 746 264 784 Vix
296 746 397 784 bene
431 747 623 785 desieram
643 779 655 799 ,
687 747 838 785 rettulit
868 747 931 785 illa
963 747 1083 786 mihi:

136 801 297 843 ‘Cetera
329 805 506 844 luxuriae
539 805 713 844 nondum
745 807 1007 844 instrumenta
1038 804 1241 856 vigebant,

48 870 116 901 280
196 865 271 902 Aut
302 876 424 914 pecus
443 895 455 915 ,
487 870 553 902 aut
584 864 699 902 latam
732 864 838 902 dives
870 863 1038 902 habebat
1068 863 1256 915 humum3

135 921 234 960 Hinc
268 924 384 960 etiam
415 922 590 972 locuples
609 953 619 973 ‚
650 922 742 960 hinc
774 923 857 972 ipsa
888 923 1055 972 pecunia
1084 921 1191 961 dicta
1223 929 1304 961 est:

195 979 270 1018 Sed
303 982 380 1018 iam
412 981 459 1018 de
492 982 609 1019 vetito
643 982 809 1031 quisque
842 980 1002 1031 parabat
1033 992 1151 1031 opes.

136 1038 303 1077 Venerat
334 1040 375 1077 in
407 1051 557 1078 morem
588 1038 723 1090 populi
755 1039 966 1090 depascere
999 1039 1143 1091 saltus,
1284 1046 1358 1080 (170)

194 1097 314 1147 quue
347 1097 413 1135 diu
444 1097 582 1149 licuit,
617 1109 819 1148 poenaque
852 1097 957 1135 nulla
990 1098 1086 1136 suit.

47 1162 112 1193 ⁶285
134 1155 294 1194 Vindice
327 1155 505 1194 servabat
536 1155 642 1194 nullo
675 1168 744 1194 sua
776 1155 933 1207 publica
965 1155 1125 1208 volgus3

194 1214 351 1264 Iamque
383 1215 423 1252 in
455 1216 604 1265 privato
637 1226 798 1264 pascere
830 1216 969 1253 inertis
1003 1220 1109 1253 erat.

134 1272 265 1311 Plebis
298 1273 344 1311 ad
377 1272 520 1311 aediles
552 1273 740 1324 perducta
772 1273 928 1312 licentia
959 1273 1046 1311 talis

195 1332 424 1383 Publicios3
456 1333 608 1370 animus
641 1332 765 1370 defuit
797 1337 885 1370 ante
918 1333 1033 1369 viris.

136 1390 232 1428 Rem
265 1390 432 1441 populus
464 1392 633 1442 recipit,
666 1390 826 1428 multam
859 1389 1015 1428 subiere
1048 1395 1259 1429 nocentes:

48 1457 115 1488 200
195 1448 423 1487 vindicibus
454 1449 560 1487 laudi
591 1448 745 1500 publica
778 1461 872 1487 cura
904 1449 999 1488 fuit.

136 1507 255 1546 Multa
288 1507 374 1546 data
406 1513 466 1546 est
497 1519 544 1545 ex
576 1514 686 1558 parte
718 1507 843 1559 mihi,
875 1519 1094 1558 magnoque
1126 1507 1256 1545 favore

196 1565 373 1604 Victores
405 1565 518 1604 ludos
549 1567 757 1604 instituere
790 1578 934 1604 novos.

135 1624 250 1663 Parte
282 1624 411 1663 locant
443 1624 584 1663 clivum
603 1656 615 1677 ‚
647 1626 715 1675 qui
746 1630 840 1663 tunc
874 1630 956 1662 erat
988 1624 1109 1663 ardua
1141 1635 1283 1674 rupes:

196 1682 296 1721 Utile
328 1695 433 1722 nunc
464 1684 540 1721 iter
573 1688 661 1734 est,
692 1682 993 1734 Publiciumque
1026 1679 1210 1721 vocant.'

50 1749 115 1781 295
136 1742 275 1780 Annua
308 1741 550 1780 credideram
584 1741 804 1793 spectacula
837 1742 964 1780 sacta.
1022 1743 1199 1792 negavit,

195 1799 352 1838 Addidit
384 1805 424 1838 et
455 1800 569 1838 dictis
601 1799 721 1838 altera
753 1800 871 1838 verba
903 1801 1008 1839 suis:

138 1855 237 1898 ‘Nos
271 1870 427 1909 quoque
459 1860 584 1908 tangit
609 1858 762 1896 honor.
814 1859 923 1896 festis
950 1857 1164 1909 gaudemus
1198 1863 1236 1897 et
1261 1859 1358 1909 aris,

195 1917 405 1968 Turbaque
438 1917 626 1955 caelestes
658 1916 861 1956 ambitiosa
894 1929 1052 1956 sumus.

138 1976 261 2027 Saepe
293 1976 386 2014 deos
420 1976 559 2027 aliquis
590 1975 789 2027 peccando
822 1976 915 2014 fecit
946 1977 1126 2027 iniquos,

49 2043 116 2074 300
195 2034 246 2073 Et
276 2047 348 2086 pro
381 2034 534 2073 delictis
565 2034 693 2073 hostia
724 2034 864 2072 blanda
895 2035 991 2073 fuit.

139 2093 262 2144 Saepe
294 2093 423 2132 Iovem
455 2093 562 2145 vidi,
595 2105 685 2133 cum
717 2094 792 2132 iam
825 2105 895 2132 sua
927 2094 1083 2132 mittere
1116 2091 1230 2131 vellet

197 2151 374 2190 Fulmina
393 2184 404 2204 ‚
436 2157 525 2191 ture
559 2152 647 2191 dato
680 2153 915 2191 sustinuisse
947 2163 1130 2191 manum.

137 2212 185 2250 At
216 2212 250 2249 si
281 2211 523 2262 neglegimur
542 2242 553 2262 ‚
584 2212 734 2262 magnis
766 2212 909 2249 iniuria
940 2212 1077 2262 poenis

197 2269 398 2322 Solvitur,
430 2275 469 2309 et
500 2271 648 2309 iustum
679 2271 869 2321 praeterit
899 2271 955 2308 ira
987 2269 1167 2308 modum.
