1575 2489
602 89 666 122 ΙΙΙ.
692 90 864 122 46-119,
1312 86 1395 128 261

184 196 372 235 Iunonem
407 195 544 247 Sparte
576 195 904 246 Pelopeiadesque
936 195 1142 247 Mycenae,

245 254 471 305 Pinigerum
502 254 626 293 Fauni
656 253 839 293 Maenalis
872 265 938 292 ora
971 260 1110 305 caput:

119 320 161 352 85
183 312 285 351 Mars
316 312 425 351 Latio
458 312 703 352 venerandus
735 318 845 364 erat,
879 313 968 363 quia
1000 311 1197 363 praesidet
1228 313 1368 351 armis.

242 371 357 409 Arma
389 371 493 409 ferae
525 373 632 421 genti
664 382 825 422 remque
858 370 1056 421 decusque
1089 369 1252 409 dabant.

185 429 297 475 Quod
329 430 361 467 si
394 429 493 467 forte
526 441 636 468 vacas
656 460 666 480 ,
697 430 926 481 peregrinos
958 430 1106 480 inspice
1139 429 1282 467 fastos:

242 487 385 526 Mensis
417 488 457 525 in
488 487 548 526 his
581 489 697 526 etiam
728 488 883 526 nomine
916 486 1050 525 Martis
1083 488 1181 526 erit.

185 545 342 584 Tertius
374 545 530 584 Albanis
550 577 560 597 ,
593 547 752 596 quintus
786 545 858 584 fuit
888 545 951 584 ille
983 544 1168 597 Faliscis;

120 611 163 643 90
244 602 385 642 Sextus
418 604 518 654 apud
552 604 715 655 populos
734 635 745 655 ,
777 603 944 642 Hernica
976 609 1109 654 terra,
1141 608 1252 642 tuos.

186 660 292 700 Inter
324 662 502 701 Aricinos
534 662 756 713 Albanaque
789 668 966 713 tempora
998 666 1149 700 constat
1349 682 1397 688 —-

245 719 438 771 Factaque
471 719 656 771 Telegoni
687 722 838 759 moenia
871 720 973 759 celsa
1005 732 1144 758 manu.

185 777 374 824 Quintum
406 777 651 830 Laurentes,
683 779 743 817 bis
776 780 956 829 quintum
988 777 1226 829 Aequiculus
1259 788 1370 827 acer,

243 838 273 875 A
308 836 433 876 tribus
466 837 570 876 hunc
602 838 770 888 primum
804 836 918 875 turba
949 836 1134 874 Forensis
1165 834 1304 874 habet.

121 902 164 933 95
184 894 234 933 Et
266 895 335 934 tibi
367 907 455 934 cum
487 897 669 946 proavis,
701 894 811 933 miles
844 894 1024 945 Paeligne
1043 925 1054 946 ,
1088 893 1240 932 Sabinis

245 952 462 1005 Convenit3
496 953 585 992 huic
617 955 723 1003 genti
755 958 919 1004 quartus
951 954 1109 1003 utrique
1142 952 1262 991 deus.

186 1011 373 1050 Romulus
406 1011 476 1049 hos
509 1023 644 1050 omnes
677 1017 720 1050 ut
751 1013 926 1050 vinceret
957 1011 1093 1049 ordine
1126 1010 1285 1062 saltem,

246 1069 455 1120 Sanguinis
487 1071 639 1109 auctori
671 1076 846 1120 tempora
878 1071 1001 1120 prima
1034 1069 1161 1108 dedit.

186 1127 266 1166 Nec
298 1128 459 1167 totidem
485 1134 637 1167 veteres
656 1160 667 1180 ,
699 1133 795 1179 quot
826 1140 930 1166 nunc
952 1159 962 1179 ,
993 1126 1165 1166 habuere
1192 1126 1403 1166 Kalendas:

102 1194 166 1224 100
249 1185 312 1224 llle
345 1187 472 1224 minor
504 1188 667 1237 geminis
699 1186 901 1225 mensibus
934 1198 1057 1224 annus
1090 1191 1194 1224 erat.

186 1243 366 1283 Nondum
399 1244 612 1283 tradiderat
642 1246 762 1283 victas
793 1244 1007 1283 victoribus
1039 1251 1142 1283 artes

247 1302 405 1341 Graecia
425 1335 436 1355 ,
469 1303 678 1342 facundum
698 1334 708 1354 ,
741 1303 809 1342 sed
842 1303 939 1341 male
972 1303 1072 1341 forte
1105 1314 1250 1353 genus.

187 1361 261 1407 Qui
294 1361 392 1400 benc
425 1361 649 1413 pugnabat,
681 1362 893 1400 Romanam
925 1366 1086 1399 noverat
1117 1366 1264 1400 artem:

246 1419 400 1458 Mittere
434 1422 500 1471 qui
532 1426 684 1471 poterat
714 1420 819 1471 pila,
852 1420 1022 1458 disertus
1055 1425 1160 1457 erat.

103 1486 167 1516 105
191 1477 286 1523 Quis
319 1484 412 1516 tunc
444 1483 511 1517 aut
542 1478 693 1529 Hyadas
729 1484 794 1516 aut
825 1477 999 1516 Pleiadas
1031 1477 1228 1516 Atlanteas

249 1536 463 1588 Senserat,
496 1542 561 1575 aut
592 1538 768 1587 geminos
801 1548 886 1574 esse
920 1535 991 1574 sub
1025 1547 1093 1574 axe
1126 1533 1269 1586 polos?

187 1594 282 1633 Esse
315 1595 410 1633 duas
442 1595 612 1646 Arctos,
644 1606 809 1646 quarum
842 1595 1041 1645 Cynosura
1073 1599 1227 1645 petatur

246 1653 444 1705 Sidoniis,
476 1653 636 1692 Helicen
669 1653 781 1692 Graia
814 1654 943 1692 carina
976 1657 1113 1704 notet3

189 1711 382 1762 Signaque
415 1724 512 1762 quae
545 1712 658 1763 longo
692 1712 811 1751 frater
843 1717 1073 1763 percenseat
1105 1723 1228 1763 311110,

103 1778 166 1809 110
246 1769 307 1808 Ire
339 1782 409 1821 per
441 1770 536 1808 haec
568 1782 646 1809 uno
679 1782 811 1809 mense
845 1771 992 1808 sororis
1026 1767 1182 1820 equos?

187 1827 326 1866 Libera
359 1828 570 1867 currebant
602 1834 641 1867 et
672 1828 917 1867 inobservata
948 1840 1019 1879 per
1050 1839 1195 1866 annum

245 1886 408 1925 Sidera.
466 1886 669 1926 constabat
700 1886 767 1925 sed
800 1892 929 1925 tamen
961 1898 1048 1925 esse
1080 1886 1196 1924 deos.

186 1944 271 1983 Non
303 1945 359 1983 illi
391 1945 496 1984 caelo
529 1945 696 1984 labentia
727 1946 835 1995 signa
867 1944 1075 1996 tenebant,

246 2003 321 2042 Sed
354 2015 452 2056 sua,
485 2016 583 2054 quae
616 2015 798 2054 magnum
830 2003 994 2054 perdere
1028 2004 1175 2041 crimen
1208 2007 1315 2041 erat.

102 2069 165 2100 115
186 2061 252 2100 Illa
285 2062 441 2113 quidem
474 2063 591 2115 feno3
625 2062 692 2101 sed
726 2066 809 2100 erat
841 2062 1058 2100 reverentia
1091 2061 1202 2112 feno,

244 2120 435 2165 Quantam
467 2133 572 2159 nunc
604 2120 751 2171 aquilas
784 2121 912 2159 cernis
944 2119 1088 2158 habere
1121 2125 1230 2159 tuas.

185 2178 337 2217 Pertica
369 2191 581 2230 suspensos
613 2179 793 2230 portabat
824 2178 937 2229 longa
969 2177 1183 2229 maniplos,

246 2236 352 2275 Unde
385 2237 610 2288 maniplaris
642 2239 797 2276 nomina
830 2237 940 2275 miles
972 2236 1111 2275 habet.

183 2293 287 2347 Ergo
320 2297 437 2335 animi
468 2296 655 2335 indociles
689 2302 727 2334 et
759 2295 884 2335 adhuc
916 2296 1067 2335 ratione
1100 2299 1280 2334 carentes
