<?xml version="1.0" encoding="UTF-8"?>
<!DOCTYPE html PUBLIC "-//W3C//DTD XHTML 1.0 Transitional//EN"
    "http://www.w3.org/TR/xhtml1/DTD/xhtml1-transitional.dtd">
<html xmlns="http://www.w3.org/1999/xhtml" xml:lang="en" lang="en">
 <head>
  <title>
</title>
<meta http-equiv="Content-Type" content="text/html;charset=utf-8" />
  <meta name='ocr-system' content='tesseract 3.04.00' />
  <meta name='ocr-capabilities' content='ocr_page ocr_carea ocr_par ocr_line ocrx_word'/>
</head>
<body>
  <div class='ocr_page' id='page_1' title='image "./operaovid01oviduoft_0389.png"; bbox 0 0 1575 2489; ppageno 0'>
   <div class='ocr_carea' id='block_1_1' title="bbox 651 19 1455 60">
    <p class='ocr_par' dir='ltr' id='par_1_1' title="bbox 651 19 1455 60">
     <span class='ocr_line' id='line_1_1' title="bbox 651 19 1455 60; baseline 0.009 -7"><span class='ocrx_word' id='word_1_1' title='bbox 651 21 711 53; x_wconf 88' lang='lat' dir='ltr'>VI.</span> <span class='ocrx_word' id='word_1_2' title='bbox 738 22 933 54; x_wconf 76' lang='lat'>252-325.</span> <span class='ocrx_word' id='word_1_3' title='bbox 1373 19 1455 60; x_wconf 82' lang='lat'>341</span> 
     </span>
    </p>
   </div>
   <div class='ocr_carea' id='block_1_2' title="bbox 155 127 1466 2282">
    <p class='ocr_par' dir='ltr' id='par_1_2' title="bbox 155 127 1466 2282">
     <span class='ocr_line' id='line_1_2' title="bbox 243 127 1274 180; baseline -0.002 -12"><span class='ocrx_word' id='word_1_4' title='bbox 243 129 344 175; x_wconf 88' lang='lat' dir='ltr'>Quid</span> <span class='ocrx_word' id='word_1_5' title='bbox 376 131 518 168; x_wconf 86' lang='lat' dir='ltr'>mirum</span> <span class='ocrx_word' id='word_1_6' title='bbox 537 160 548 180; x_wconf 84' lang='lat'><em>‚</em></span> <span class='ocrx_word' id='word_1_7' title='bbox 580 129 688 179; x_wconf 83' lang='lat' dir='ltr'>virgo</span> <span class='ocrx_word' id='word_1_8' title='bbox 721 129 753 167; x_wconf 89' lang='lat' dir='ltr'>si</span> <span class='ocrx_word' id='word_1_9' title='bbox 785 129 934 178; x_wconf 86' lang='lat' dir='ltr'>virgine</span> <span class='ocrx_word' id='word_1_10' title='bbox 966 127 1064 167; x_wconf 89' lang='lat' dir='ltr'>laeta</span> <span class='ocrx_word' id='word_1_11' title='bbox 1097 129 1274 167; x_wconf 88' lang='lat' dir='ltr'>ministra</span> 
     </span>
     <span class='ocr_line' id='line_1_3' title="bbox 155 184 1162 228; baseline -0.004 0"><span class='ocrx_word' id='word_1_12' title='bbox 155 197 222 228; x_wconf 82' lang='lat'>290</span> <span class='ocrx_word' id='word_1_13' title='bbox 302 187 480 226; x_wconf 80' lang='lat' dir='ltr'>Admittit</span> <span class='ocrx_word' id='word_1_14' title='bbox 512 193 637 226; x_wconf 87' lang='lat' dir='ltr'>castas</span> <span class='ocrx_word' id='word_1_15' title='bbox 668 186 715 225; x_wconf 88' lang='lat' dir='ltr'>ad</span> <span class='ocrx_word' id='word_1_16' title='bbox 747 198 816 225; x_wconf 91' lang='lat' dir='ltr'>sua</span> <span class='ocrx_word' id='word_1_17' title='bbox 849 198 959 225; x_wconf 88' lang='lat' dir='ltr'>sacra</span> <span class='ocrx_word' id='word_1_18' title='bbox 991 184 1162 225; x_wconf 77' lang='lat' dir='ltr'>manus?</span> 
     </span>
     <span class='ocr_line' id='line_1_4' title="bbox 241 244 1457 296; baseline -0.002 -11"><span class='ocrx_word' id='word_1_19' title='bbox 241 246 321 285; x_wconf 88' lang='lat' dir='ltr'>Nec</span> <span class='ocrx_word' id='word_1_20' title='bbox 347 251 390 284; x_wconf 87' lang='lat' dir='ltr'>tu</span> <span class='ocrx_word' id='word_1_21' title='bbox 417 245 519 284; x_wconf 87' lang='lat' dir='ltr'>aliud</span> <span class='ocrx_word' id='word_1_22' title='bbox 546 245 722 296; x_wconf 83' lang='lat' dir='ltr'>Vestam,</span> <span class='ocrx_word' id='word_1_23' title='bbox 750 257 865 295; x_wconf 90' lang='lat' dir='ltr'>quam</span> <span class='ocrx_word' id='word_1_24' title='bbox 891 246 1015 283; x_wconf 90' lang='lat' dir='ltr'>vivam</span> <span class='ocrx_word' id='word_1_25' title='bbox 1040 244 1220 295; x_wconf 80' lang='lat' dir='ltr'>intellege</span> <span class='ocrx_word' id='word_1_26' title='bbox 1247 245 1457 296; x_wconf 84' lang='lat' dir='ltr'>ssammam;</span> 
     </span>
     <span class='ocr_line' id='line_1_5' title="bbox 301 303 1230 354; baseline -0.001 -12"><span class='ocrx_word' id='word_1_27' title='bbox 301 304 476 354; x_wconf 89' lang='lat' dir='ltr'>Nataque</span> <span class='ocrx_word' id='word_1_28' title='bbox 509 304 556 342; x_wconf 88' lang='lat' dir='ltr'>de</span> <span class='ocrx_word' id='word_1_29' title='bbox 588 303 740 342; x_wconf 86' lang='lat' dir='ltr'>flamma</span> <span class='ocrx_word' id='word_1_30' title='bbox 773 315 937 354; x_wconf 88' lang='lat' dir='ltr'>corpora</span> <span class='ocrx_word' id='word_1_31' title='bbox 969 303 1073 341; x_wconf 88' lang='lat' dir='ltr'>nulla</span> <span class='ocrx_word' id='word_1_32' title='bbox 1104 303 1230 342; x_wconf 91' lang='lat' dir='ltr'>vides.</span> 
     </span>
     <span class='ocr_line' id='line_1_6' title="bbox 243 361 1386 413; baseline 0 -12"><span class='ocrx_word' id='word_1_33' title='bbox 243 362 332 401; x_wconf 88' lang='lat' dir='ltr'>Iure</span> <span class='ocrx_word' id='word_1_34' title='bbox 364 364 483 413; x_wconf 82' lang='lat' dir='ltr'>igitur</span> <span class='ocrx_word' id='word_1_35' title='bbox 515 363 623 413; x_wconf 88' lang='lat' dir='ltr'>virgo</span> <span class='ocrx_word' id='word_1_36' title='bbox 657 367 744 413; x_wconf 85' lang='lat' dir='ltr'>est,</span> <span class='ocrx_word' id='word_1_37' title='bbox 777 373 875 412; x_wconf 90' lang='lat' dir='ltr'>quae</span> <span class='ocrx_word' id='word_1_38' title='bbox 909 363 1055 400; x_wconf 88' lang='lat' dir='ltr'>semina</span> <span class='ocrx_word' id='word_1_39' title='bbox 1087 361 1191 400; x_wconf 90' lang='lat' dir='ltr'>nulla</span> <span class='ocrx_word' id='word_1_40' title='bbox 1223 363 1386 401; x_wconf 83' lang='lat' dir='ltr'>remittit</span> 
     </span>
     <span class='ocr_line' id='line_1_7' title="bbox 300 419 1247 472; baseline -0.001 -13"><span class='ocrx_word' id='word_1_41' title='bbox 300 420 380 459; x_wconf 89' lang='lat' dir='ltr'>Nec</span> <span class='ocrx_word' id='word_1_42' title='bbox 413 422 545 472; x_wconf 83' lang='lat' dir='ltr'>capit,</span> <span class='ocrx_word' id='word_1_43' title='bbox 581 426 620 459; x_wconf 89' lang='lat' dir='ltr'>et</span> <span class='ocrx_word' id='word_1_44' title='bbox 651 421 812 458; x_wconf 86' lang='lat' dir='ltr'>comites</span> <span class='ocrx_word' id='word_1_45' title='bbox 844 420 1077 470; x_wconf 85' lang='lat' dir='ltr'>virginitatis</span> <span class='ocrx_word' id='word_1_46' title='bbox 1109 419 1247 459; x_wconf 88' lang='lat' dir='ltr'>habet.</span> 
     </span>
     <span class='ocr_line' id='line_1_8' title="bbox 156 477 1207 530; baseline -0.003 -12"><span class='ocrx_word' id='word_1_47' title='bbox 156 487 221 518; x_wconf 81' lang='lat'>295</span> <span class='ocrx_word' id='word_1_48' title='bbox 243 478 339 517; x_wconf 83' lang='lat' dir='ltr'>Esse</span> <span class='ocrx_word' id='word_1_49' title='bbox 372 478 438 517; x_wconf 92' lang='lat' dir='ltr'>diu</span> <span class='ocrx_word' id='word_1_50' title='bbox 471 479 614 517; x_wconf 89' lang='lat' dir='ltr'>stultus</span> <span class='ocrx_word' id='word_1_51' title='bbox 646 477 784 516; x_wconf 78' lang='lat' dir='ltr'>Vestae</span> <span class='ocrx_word' id='word_1_52' title='bbox 816 478 1022 517; x_wconf 88' lang='lat' dir='ltr'>simulacra</span> <span class='ocrx_word' id='word_1_53' title='bbox 1052 479 1207 530; x_wconf 85' lang='lat' dir='ltr'>putavi,</span> 
     </span>
     <span class='ocr_line' id='line_1_9' title="bbox 300 536 1189 575; baseline 0 0"><span class='ocrx_word' id='word_1_54' title='bbox 300 536 389 575; x_wconf 86' lang='lat' dir='ltr'>Mox</span> <span class='ocrx_word' id='word_1_55' title='bbox 421 537 539 575; x_wconf 89' lang='lat' dir='ltr'>didici</span> <span class='ocrx_word' id='word_1_56' title='bbox 571 549 689 575; x_wconf 82' lang='lat' dir='ltr'>curvo</span> <span class='ocrx_word' id='word_1_57' title='bbox 722 536 827 575; x_wconf 85' lang='lat' dir='ltr'>nulla</span> <span class='ocrx_word' id='word_1_58' title='bbox 859 536 1020 575; x_wconf 86' lang='lat' dir='ltr'>subesse</span> <span class='ocrx_word' id='word_1_59' title='bbox 1053 537 1159 575; x_wconf 91' lang='lat' dir='ltr'>tholo</span> <span class='ocrx_word' id='word_1_60' title='bbox 1179 567 1189 575; x_wconf 90' lang='lat'><em>.</em></span> 
     </span>
     <span class='ocr_line' id='line_1_10' title="bbox 242 595 1162 647; baseline 0 -14"><span class='ocrx_word' id='word_1_61' title='bbox 242 595 345 647; x_wconf 85' lang='lat' dir='ltr'>Ignis</span> <span class='ocrx_word' id='word_1_62' title='bbox 376 597 614 634; x_wconf 83' lang='lat' dir='ltr'>inextinctus</span> <span class='ocrx_word' id='word_1_63' title='bbox 647 595 791 646; x_wconf 88' lang='lat' dir='ltr'>templo</span> <span class='ocrx_word' id='word_1_64' title='bbox 824 595 973 634; x_wconf 88' lang='lat' dir='ltr'>celatur</span> <span class='ocrx_word' id='word_1_65' title='bbox 1003 596 1043 633; x_wconf 91' lang='lat' dir='ltr'>in</span> <span class='ocrx_word' id='word_1_66' title='bbox 1074 595 1162 633; x_wconf 92' lang='lat' dir='ltr'>illo.</span> 
     </span>
     <span class='ocr_line' id='line_1_11' title="bbox 301 652 1209 704; baseline 0 -12"><span class='ocrx_word' id='word_1_67' title='bbox 301 654 479 704; x_wconf 86' lang='lat' dir='ltr'>Effigiem</span> <span class='ocrx_word' id='word_1_68' title='bbox 513 654 657 692; x_wconf 89' lang='lat' dir='ltr'>nullam</span> <span class='ocrx_word' id='word_1_69' title='bbox 689 653 803 692; x_wconf 87' lang='lat' dir='ltr'>Vesta</span> <span class='ocrx_word' id='word_1_70' title='bbox 835 666 907 692; x_wconf 91' lang='lat' dir='ltr'>nec</span> <span class='ocrx_word' id='word_1_71' title='bbox 938 655 1039 703; x_wconf 86' lang='lat' dir='ltr'>ignis</span> <span class='ocrx_word' id='word_1_72' title='bbox 1071 652 1209 692; x_wconf 86' lang='lat' dir='ltr'>habet.</span> 
     </span>
     <span class='ocr_line' id='line_1_12' title="bbox 245 711 1275 763; baseline -0.001 -12"><span class='ocrx_word' id='word_1_73' title='bbox 245 712 329 751; x_wconf 86' lang='lat' dir='ltr'>Stat</span> <span class='ocrx_word' id='word_1_74' title='bbox 358 714 396 751; x_wconf 91' lang='lat' dir='ltr'>vi</span> <span class='ocrx_word' id='word_1_75' title='bbox 428 718 532 751; x_wconf 86' lang='lat' dir='ltr'>terra</span> <span class='ocrx_word' id='word_1_76' title='bbox 564 724 662 750; x_wconf 85' lang='lat' dir='ltr'>sua:</span> <span class='ocrx_word' id='word_1_77' title='bbox 704 713 742 750; x_wconf 91' lang='lat' dir='ltr'>vi</span> <span class='ocrx_word' id='word_1_78' title='bbox 773 711 911 750; x_wconf 88' lang='lat' dir='ltr'>stando</span> <span class='ocrx_word' id='word_1_79' title='bbox 944 711 1060 750; x_wconf 90' lang='lat' dir='ltr'>Vesta</span> <span class='ocrx_word' id='word_1_80' title='bbox 1091 717 1275 763; x_wconf 83' lang='lat' dir='ltr'>vocatur3</span> 
     </span>
     <span class='ocr_line' id='line_1_13' title="bbox 157 770 1231 822; baseline -0.002 -12"><span class='ocrx_word' id='word_1_81' title='bbox 157 779 223 810; x_wconf 82' lang='lat'>300</span> <span class='ocrx_word' id='word_1_82' title='bbox 303 770 504 822; x_wconf 81' lang='lat' dir='ltr'>Causaque</span> <span class='ocrx_word' id='word_1_83' title='bbox 537 783 607 822; x_wconf 83' lang='lat' dir='ltr'>par</span> <span class='ocrx_word' id='word_1_84' title='bbox 640 770 729 808; x_wconf 86' lang='lat' dir='ltr'>Grai</span> <span class='ocrx_word' id='word_1_85' title='bbox 761 771 930 808; x_wconf 89' lang='lat' dir='ltr'>nominis</span> <span class='ocrx_word' id='word_1_86' title='bbox 963 781 1048 808; x_wconf 88' lang='lat' dir='ltr'>esse</span> <span class='ocrx_word' id='word_1_87' title='bbox 1080 776 1231 820; x_wconf 88' lang='lat' dir='ltr'>potest.</span> 
     </span>
     <span class='ocr_line' id='line_1_14' title="bbox 243 827 1395 879; baseline -0.003 -11"><span class='ocrx_word' id='word_1_88' title='bbox 243 829 290 867; x_wconf 89' lang='lat' dir='ltr'>At</span> <span class='ocrx_word' id='word_1_89' title='bbox 322 829 433 868; x_wconf 86' lang='lat' dir='ltr'>focus</span> <span class='ocrx_word' id='word_1_90' title='bbox 465 841 485 867; x_wconf 85' lang='lat' dir='ltr'>a</span> <span class='ocrx_word' id='word_1_91' title='bbox 516 829 679 867; x_wconf 77' lang='lat' dir='ltr'>flammis</span> <span class='ocrx_word' id='word_1_92' title='bbox 713 834 752 867; x_wconf 89' lang='lat' dir='ltr'>et</span> <span class='ocrx_word' id='word_1_93' title='bbox 783 828 887 879; x_wconf 89' lang='lat' dir='ltr'>quod</span> <span class='ocrx_word' id='word_1_94' title='bbox 919 828 1023 866; x_wconf 89' lang='lat' dir='ltr'>fovet</span> <span class='ocrx_word' id='word_1_95' title='bbox 1054 829 1182 866; x_wconf 89' lang='lat' dir='ltr'>omnia</span> <span class='ocrx_word' id='word_1_96' title='bbox 1201 858 1211 878; x_wconf 91' lang='lat'>,</span> <span class='ocrx_word' id='word_1_97' title='bbox 1244 827 1395 879; x_wconf 83' lang='lat' dir='ltr'>dictus3</span> 
     </span>
     <span class='ocr_line' id='line_1_15' title="bbox 303 885 1218 936; baseline -0.002 -10"><span class='ocrx_word' id='word_1_98' title='bbox 303 887 377 933; x_wconf 83' lang='lat' dir='ltr'>Qui</span> <span class='ocrx_word' id='word_1_99' title='bbox 410 893 539 926; x_wconf 88' lang='lat' dir='ltr'>tamen</span> <span class='ocrx_word' id='word_1_100' title='bbox 570 889 610 925; x_wconf 90' lang='lat' dir='ltr'>in</span> <span class='ocrx_word' id='word_1_101' title='bbox 642 887 778 936; x_wconf 88' lang='lat' dir='ltr'>primis</span> <span class='ocrx_word' id='word_1_102' title='bbox 811 885 971 924; x_wconf 89' lang='lat' dir='ltr'>aedibus</span> <span class='ocrx_word' id='word_1_103' title='bbox 1003 891 1091 924; x_wconf 88' lang='lat' dir='ltr'>ante</span> <span class='ocrx_word' id='word_1_104' title='bbox 1124 887 1218 924; x_wconf 84' lang='lat' dir='ltr'>suit.</span> 
     </span>
     <span class='ocr_line' id='line_1_16' title="bbox 242 943 1459 996; baseline 0.001 -12"><span class='ocrx_word' id='word_1_105' title='bbox 242 945 341 984; x_wconf 92' lang='lat' dir='ltr'>Hinc</span> <span class='ocrx_word' id='word_1_106' title='bbox 369 957 524 996; x_wconf 90' lang='lat' dir='ltr'>quoque</span> <span class='ocrx_word' id='word_1_107' title='bbox 551 944 785 983; x_wconf 85' lang='lat' dir='ltr'>vestibulum</span> <span class='ocrx_word' id='word_1_108' title='bbox 806 944 883 982; x_wconf 89' lang='lat' dir='ltr'>dici</span> <span class='ocrx_word' id='word_1_109' title='bbox 908 956 1021 983; x_wconf 90' lang='lat' dir='ltr'>reor:</span> <span class='ocrx_word' id='word_1_110' title='bbox 1053 943 1142 982; x_wconf 87' lang='lat' dir='ltr'>inde</span> <span class='ocrx_word' id='word_1_111' title='bbox 1169 944 1364 995; x_wconf 86' lang='lat' dir='ltr'>precando</span> <span class='ocrx_word' id='word_1_112' title='bbox 1385 952 1459 985; x_wconf 82' lang='lat'>(204)</span> 
     </span>
     <span class='ocr_line' id='line_1_17' title="bbox 301 1002 1307 1054; baseline 0 -12"><span class='ocrx_word' id='word_1_113' title='bbox 301 1004 529 1042; x_wconf 79' lang='lat' dir='ltr'>praefamur</span> <span class='ocrx_word' id='word_1_114' title='bbox 559 1002 743 1054; x_wconf 88' lang='lat' dir='ltr'>Vestam,</span> <span class='ocrx_word' id='word_1_115' title='bbox 777 1015 874 1054; x_wconf 88' lang='lat' dir='ltr'>quae</span> <span class='ocrx_word' id='word_1_116' title='bbox 906 1002 990 1041; x_wconf 93' lang='lat' dir='ltr'>loca</span> <span class='ocrx_word' id='word_1_117' title='bbox 1022 1004 1147 1054; x_wconf 89' lang='lat' dir='ltr'>prima</span> <span class='ocrx_word' id='word_1_118' title='bbox 1178 1008 1307 1042; x_wconf 88' lang='lat' dir='ltr'>tenet.</span> 
     </span>
     <span class='ocr_line' id='line_1_18' title="bbox 158 1061 1202 1112; baseline -0.002 -11"><span class='ocrx_word' id='word_1_119' title='bbox 158 1070 225 1101; x_wconf 83' lang='lat'>305</span> <span class='ocrx_word' id='word_1_120' title='bbox 246 1062 344 1100; x_wconf 83' lang='lat' dir='ltr'>Ante</span> <span class='ocrx_word' id='word_1_121' title='bbox 377 1062 484 1100; x_wconf 85' lang='lat' dir='ltr'>focos</span> <span class='ocrx_word' id='word_1_122' title='bbox 517 1061 608 1100; x_wconf 89' lang='lat' dir='ltr'>olim</span> <span class='ocrx_word' id='word_1_123' title='bbox 641 1063 809 1100; x_wconf 89' lang='lat' dir='ltr'>scamnis</span> <span class='ocrx_word' id='word_1_124' title='bbox 842 1061 1045 1099; x_wconf 87' lang='lat' dir='ltr'>considere</span> <span class='ocrx_word' id='word_1_125' title='bbox 1078 1061 1202 1112; x_wconf 84' lang='lat' dir='ltr'>longis</span> 
     </span>
     <span class='ocr_line' id='line_1_19' title="bbox 301 1119 1304 1171; baseline 0.001 -13"><span class='ocrx_word' id='word_1_126' title='bbox 301 1120 383 1158; x_wconf 85' lang='lat' dir='ltr'>Mos</span> <span class='ocrx_word' id='word_1_127' title='bbox 416 1125 528 1171; x_wconf 87' lang='lat' dir='ltr'>erat,</span> <span class='ocrx_word' id='word_1_128' title='bbox 560 1125 599 1158; x_wconf 89' lang='lat' dir='ltr'>et</span> <span class='ocrx_word' id='word_1_129' title='bbox 629 1131 786 1158; x_wconf 81' lang='lat' dir='ltr'>mensae</span> <span class='ocrx_word' id='word_1_130' title='bbox 819 1119 981 1158; x_wconf 86' lang='lat' dir='ltr'>credere</span> <span class='ocrx_word' id='word_1_131' title='bbox 1014 1119 1148 1158; x_wconf 89' lang='lat' dir='ltr'>adesse</span> <span class='ocrx_word' id='word_1_132' title='bbox 1182 1119 1275 1158; x_wconf 89' lang='lat' dir='ltr'>deos</span> <span class='ocrx_word' id='word_1_133' title='bbox 1296 1151 1304 1159; x_wconf 91' lang='lat'><em>.</em></span> 
     </span>
     <span class='ocr_line' id='line_1_20' title="bbox 243 1177 1413 1230; baseline -0.001 -13"><span class='ocrx_word' id='word_1_134' title='bbox 243 1178 356 1217; x_wconf 81' lang='lat' dir='ltr'>Nunc</span> <span class='ocrx_word' id='word_1_135' title='bbox 388 1191 544 1230; x_wconf 90' lang='lat' dir='ltr'>quoque</span> <span class='ocrx_word' id='word_1_136' title='bbox 564 1210 574 1230; x_wconf 88' lang='lat'>,</span> <span class='ocrx_word' id='word_1_137' title='bbox 606 1191 695 1216; x_wconf 88' lang='lat' dir='ltr'>cum</span> <span class='ocrx_word' id='word_1_138' title='bbox 727 1179 825 1217; x_wconf 87' lang='lat' dir='ltr'>fiunt</span> <span class='ocrx_word' id='word_1_139' title='bbox 857 1179 1038 1229; x_wconf 88' lang='lat' dir='ltr'>antiquae</span> <span class='ocrx_word' id='word_1_140' title='bbox 1071 1190 1180 1216; x_wconf 87' lang='lat' dir='ltr'>sacra</span> <span class='ocrx_word' id='word_1_141' title='bbox 1210 1177 1413 1230; x_wconf 78' lang='lat' dir='ltr'>Vacunae,</span> 
     </span>
     <span class='ocr_line' id='line_1_21' title="bbox 303 1236 1272 1288; baseline 0 -13"><span class='ocrx_word' id='word_1_142' title='bbox 303 1238 401 1276; x_wconf 88' lang='lat' dir='ltr'>Ante</span> <span class='ocrx_word' id='word_1_143' title='bbox 434 1236 648 1275; x_wconf 86' lang='lat' dir='ltr'>Vacunales</span> <span class='ocrx_word' id='word_1_144' title='bbox 680 1241 861 1287; x_wconf 88' lang='lat' dir='ltr'>stantque</span> <span class='ocrx_word' id='word_1_145' title='bbox 894 1237 1110 1288; x_wconf 88' lang='lat' dir='ltr'>sedentque</span> <span class='ocrx_word' id='word_1_146' title='bbox 1142 1237 1272 1276; x_wconf 83' lang='lat' dir='ltr'>socos.</span> 
     </span>
     <span class='ocr_line' id='line_1_22' title="bbox 247 1294 1297 1345; baseline 0.001 -12"><span class='ocrx_word' id='word_1_147' title='bbox 247 1294 361 1334; x_wconf 86' lang='lat' dir='ltr'>Venit</span> <span class='ocrx_word' id='word_1_148' title='bbox 391 1297 431 1334; x_wconf 94' lang='lat' dir='ltr'>in</span> <span class='ocrx_word' id='word_1_149' title='bbox 463 1295 534 1333; x_wconf 87' lang='lat' dir='ltr'>hos</span> <span class='ocrx_word' id='word_1_150' title='bbox 567 1307 688 1334; x_wconf 85' lang='lat' dir='ltr'>annos</span> <span class='ocrx_word' id='word_1_151' title='bbox 721 1295 864 1345; x_wconf 89' lang='lat' dir='ltr'>aliquid</span> <span class='ocrx_word' id='word_1_152' title='bbox 899 1295 946 1333; x_wconf 93' lang='lat' dir='ltr'>de</span> <span class='ocrx_word' id='word_1_153' title='bbox 978 1307 1086 1334; x_wconf 88' lang='lat' dir='ltr'>more</span> <span class='ocrx_word' id='word_1_154' title='bbox 1119 1300 1297 1334; x_wconf 86' lang='lat' dir='ltr'>vetusto:</span> 
     </span>
     <span class='ocr_line' id='line_1_23' title="bbox 157 1353 1202 1404; baseline 0 -12"><span class='ocrx_word' id='word_1_155' title='bbox 157 1362 224 1393; x_wconf 87' lang='lat'>310</span> <span class='ocrx_word' id='word_1_156' title='bbox 303 1354 397 1393; x_wconf 87' lang='lat' dir='ltr'>Fert</span> <span class='ocrx_word' id='word_1_157' title='bbox 427 1356 568 1392; x_wconf 89' lang='lat' dir='ltr'>missos</span> <span class='ocrx_word' id='word_1_158' title='bbox 600 1353 737 1392; x_wconf 82' lang='lat' dir='ltr'>Vestae</span> <span class='ocrx_word' id='word_1_159' title='bbox 770 1366 867 1404; x_wconf 87' lang='lat' dir='ltr'>pura</span> <span class='ocrx_word' id='word_1_160' title='bbox 898 1353 1038 1404; x_wconf 88' lang='lat' dir='ltr'>patella</span> <span class='ocrx_word' id='word_1_161' title='bbox 1071 1353 1202 1393; x_wconf 87' lang='lat' dir='ltr'>cibos.</span> 
     </span>
     <span class='ocr_line' id='line_1_24' title="bbox 245 1412 1126 1463; baseline -0.001 -12"><span class='ocrx_word' id='word_1_162' title='bbox 245 1412 346 1451; x_wconf 88' lang='lat' dir='ltr'>Ecce</span> <span class='ocrx_word' id='word_1_163' title='bbox 380 1414 576 1451; x_wconf 87' lang='lat' dir='ltr'>coronatis</span> <span class='ocrx_word' id='word_1_164' title='bbox 607 1413 718 1463; x_wconf 87' lang='lat' dir='ltr'>panis</span> <span class='ocrx_word' id='word_1_165' title='bbox 750 1412 944 1462; x_wconf 88' lang='lat' dir='ltr'>dependet</span> <span class='ocrx_word' id='word_1_166' title='bbox 976 1412 1126 1463; x_wconf 88' lang='lat' dir='ltr'>asellis,</span> 
     </span>
     <span class='ocr_line' id='line_1_25' title="bbox 306 1470 1180 1509; baseline -0.001 0"><span class='ocrx_word' id='word_1_167' title='bbox 306 1471 354 1509; x_wconf 92' lang='lat' dir='ltr'>Et</span> <span class='ocrx_word' id='word_1_168' title='bbox 386 1470 514 1509; x_wconf 86' lang='lat' dir='ltr'>velant</span> <span class='ocrx_word' id='word_1_169' title='bbox 545 1470 702 1509; x_wconf 89' lang='lat' dir='ltr'>scabras</span> <span class='ocrx_word' id='word_1_170' title='bbox 733 1470 869 1509; x_wconf 86' lang='lat' dir='ltr'>florida</span> <span class='ocrx_word' id='word_1_171' title='bbox 901 1476 1005 1509; x_wconf 86' lang='lat' dir='ltr'>serta</span> <span class='ocrx_word' id='word_1_172' title='bbox 1036 1470 1180 1509; x_wconf 86' lang='lat' dir='ltr'>molas.</span> 
     </span>
     <span class='ocr_line' id='line_1_26' title="bbox 245 1528 1183 1580; baseline -0.002 -12"><span class='ocrx_word' id='word_1_173' title='bbox 245 1529 333 1568; x_wconf 89' lang='lat' dir='ltr'>Sola</span> <span class='ocrx_word' id='word_1_174' title='bbox 365 1531 475 1580; x_wconf 86' lang='lat' dir='ltr'>prius</span> <span class='ocrx_word' id='word_1_175' title='bbox 507 1529 632 1567; x_wconf 84' lang='lat' dir='ltr'>furnis</span> <span class='ocrx_word' id='word_1_176' title='bbox 664 1528 867 1567; x_wconf 85' lang='lat' dir='ltr'>torrebant</span> <span class='ocrx_word' id='word_1_177' title='bbox 899 1529 1001 1567; x_wconf 86' lang='lat' dir='ltr'>sarra</span> <span class='ocrx_word' id='word_1_178' title='bbox 1033 1528 1183 1580; x_wconf 89' lang='lat' dir='ltr'>coloni,</span> 
     </span>
     <span class='ocr_line' id='line_1_27' title="bbox 303 1587 1101 1626; baseline -0.001 0"><span class='ocrx_word' id='word_1_179' title='bbox 303 1587 353 1626; x_wconf 92' lang='lat' dir='ltr'>Et</span> <span class='ocrx_word' id='word_1_180' title='bbox 383 1587 585 1626; x_wconf 85' lang='lat' dir='ltr'>Fornacali</span> <span class='ocrx_word' id='word_1_181' title='bbox 617 1593 709 1626; x_wconf 89' lang='lat' dir='ltr'>sunt</span> <span class='ocrx_word' id='word_1_182' title='bbox 741 1599 810 1626; x_wconf 91' lang='lat' dir='ltr'>sua</span> <span class='ocrx_word' id='word_1_183' title='bbox 843 1599 949 1625; x_wconf 88' lang='lat' dir='ltr'>sacra</span> <span class='ocrx_word' id='word_1_184' title='bbox 983 1587 1101 1625; x_wconf 86' lang='lat' dir='ltr'>deae:</span> 
     </span>
     <span class='ocr_line' id='line_1_28' title="bbox 158 1644 1281 1697; baseline -0.001 -13"><span class='ocrx_word' id='word_1_185' title='bbox 158 1654 225 1684; x_wconf 85' lang='lat'>315</span> <span class='ocrx_word' id='word_1_186' title='bbox 247 1646 502 1697; x_wconf 89' lang='lat' dir='ltr'>Suppositum</span> <span class='ocrx_word' id='word_1_187' title='bbox 534 1647 656 1684; x_wconf 89' lang='lat' dir='ltr'>cineri</span> <span class='ocrx_word' id='word_1_188' title='bbox 687 1658 826 1697; x_wconf 89' lang='lat' dir='ltr'>panem</span> <span class='ocrx_word' id='word_1_189' title='bbox 860 1645 970 1684; x_wconf 85' lang='lat' dir='ltr'>focus</span> <span class='ocrx_word' id='word_1_190' title='bbox 1004 1646 1087 1696; x_wconf 89' lang='lat' dir='ltr'>ipse</span> <span class='ocrx_word' id='word_1_191' title='bbox 1120 1644 1281 1695; x_wconf 89' lang='lat' dir='ltr'>parabat</span> 
     </span>
     <span class='ocr_line' id='line_1_29' title="bbox 306 1703 1245 1755; baseline -0.001 -13"><span class='ocrx_word' id='word_1_192' title='bbox 306 1704 512 1755; x_wconf 87' lang='lat' dir='ltr'>Strataque</span> <span class='ocrx_word' id='word_1_193' title='bbox 544 1716 610 1742; x_wconf 90' lang='lat' dir='ltr'>era</span> <span class='ocrx_word' id='word_1_194' title='bbox 641 1705 772 1755; x_wconf 89' lang='lat' dir='ltr'>tepido</span> <span class='ocrx_word' id='word_1_195' title='bbox 804 1704 933 1755; x_wconf 85' lang='lat' dir='ltr'>tegula</span> <span class='ocrx_word' id='word_1_196' title='bbox 966 1715 1107 1754; x_wconf 86' lang='lat' dir='ltr'>quassa</span> <span class='ocrx_word' id='word_1_197' title='bbox 1140 1703 1245 1742; x_wconf 90' lang='lat' dir='ltr'>solo.</span> 
     </span>
     <span class='ocr_line' id='line_1_30' title="bbox 245 1762 1333 1813; baseline -0.001 -12"><span class='ocrx_word' id='word_1_198' title='bbox 245 1762 338 1801; x_wconf 89' lang='lat' dir='ltr'>Inde</span> <span class='ocrx_word' id='word_1_199' title='bbox 371 1763 501 1801; x_wconf 87' lang='lat' dir='ltr'>focum</span> <span class='ocrx_word' id='word_1_200' title='bbox 534 1768 663 1801; x_wconf 84' lang='lat' dir='ltr'>servat</span> <span class='ocrx_word' id='word_1_201' title='bbox 692 1765 817 1813; x_wconf 86' lang='lat' dir='ltr'>pistor</span> <span class='ocrx_word' id='word_1_202' title='bbox 848 1763 1122 1812; x_wconf 90' lang='lat' dir='ltr'>dominamque</span> <span class='ocrx_word' id='word_1_203' title='bbox 1156 1762 1333 1801; x_wconf 84' lang='lat' dir='ltr'>focorum</span> 
     </span>
     <span class='ocr_line' id='line_1_31' title="bbox 304 1820 1198 1872; baseline -0.001 -13"><span class='ocrx_word' id='word_1_204' title='bbox 304 1820 354 1859; x_wconf 91' lang='lat' dir='ltr'>Et</span> <span class='ocrx_word' id='word_1_205' title='bbox 385 1833 484 1872; x_wconf 91' lang='lat' dir='ltr'>quae</span> <span class='ocrx_word' id='word_1_206' title='bbox 516 1822 715 1872; x_wconf 88' lang='lat' dir='ltr'>pumiceas</span> <span class='ocrx_word' id='word_1_207' title='bbox 746 1826 875 1859; x_wconf 85' lang='lat' dir='ltr'>versat</span> <span class='ocrx_word' id='word_1_208' title='bbox 907 1820 1021 1858; x_wconf 89' lang='lat' dir='ltr'>asella</span> <span class='ocrx_word' id='word_1_209' title='bbox 1053 1820 1198 1858; x_wconf 90' lang='lat' dir='ltr'>molas.</span> 
     </span>
     <span class='ocr_line' id='line_1_32' title="bbox 245 1877 1392 1930; baseline -0.002 -12"><span class='ocrx_word' id='word_1_210' title='bbox 245 1879 492 1918; x_wconf 83' lang='lat' dir='ltr'>Praeteream</span> <span class='ocrx_word' id='word_1_211' title='bbox 512 1911 522 1930; x_wconf 88' lang='lat'><em>,</em></span> <span class='ocrx_word' id='word_1_212' title='bbox 554 1879 774 1918; x_wconf 88' lang='lat' dir='ltr'>referamne</span> <span class='ocrx_word' id='word_1_213' title='bbox 806 1885 947 1929; x_wconf 85' lang='lat' dir='ltr'>tuum,</span> <span class='ocrx_word' id='word_1_214' title='bbox 979 1878 1197 1917; x_wconf 88' lang='lat' dir='ltr'>rubicunde</span> <span class='ocrx_word' id='word_1_215' title='bbox 1230 1877 1392 1929; x_wconf 87' lang='lat' dir='ltr'>Priape,</span> 
     </span>
     <span class='ocr_line' id='line_1_33' title="bbox 159 1936 1207 1988; baseline -0.001 -12"><span class='ocrx_word' id='word_1_216' title='bbox 159 1946 226 1977; x_wconf 83' lang='lat'>320</span> <span class='ocrx_word' id='word_1_217' title='bbox 305 1937 483 1977; x_wconf 89' lang='lat' dir='ltr'>Dedecus</span> <span class='ocrx_word' id='word_1_218' title='bbox 502 1936 524 1977; x_wconf 67' lang='lat'>⁶?</span> <span class='ocrx_word' id='word_1_219' title='bbox 567 1944 628 1976; x_wconf 90' lang='lat' dir='ltr'>est</span> <span class='ocrx_word' id='word_1_220' title='bbox 658 1938 770 1976; x_wconf 91' lang='lat' dir='ltr'>multi</span> <span class='ocrx_word' id='word_1_221' title='bbox 802 1937 929 1976; x_wconf 86' lang='lat' dir='ltr'>sabula</span> <span class='ocrx_word' id='word_1_222' title='bbox 961 1949 1078 1988; x_wconf 87' lang='lat' dir='ltr'>parva</span> <span class='ocrx_word' id='word_1_223' title='bbox 1109 1938 1207 1975; x_wconf 88' lang='lat' dir='ltr'>ioci.</span> 
     </span>
     <span class='ocr_line' id='line_1_34' title="bbox 245 1995 1218 2048; baseline -0.001 -14"><span class='ocrx_word' id='word_1_224' title='bbox 245 1996 456 2046; x_wconf 83' lang='lat' dir='ltr'>Turrigera</span> <span class='ocrx_word' id='word_1_225' title='bbox 488 1997 657 2035; x_wconf 87' lang='lat' dir='ltr'>frontem</span> <span class='ocrx_word' id='word_1_226' title='bbox 690 1996 829 2048; x_wconf 72' lang='lat' dir='ltr'>Cybele</span> <span class='ocrx_word' id='word_1_227' title='bbox 862 1995 1043 2034; x_wconf 83' lang='lat' dir='ltr'>redimita</span> <span class='ocrx_word' id='word_1_228' title='bbox 1075 2007 1218 2034; x_wconf 86' lang='lat' dir='ltr'>corona</span> 
     </span>
     <span class='ocr_line' id='line_1_35' title="bbox 305 2054 1171 2094; baseline 0 -1"><span class='ocrx_word' id='word_1_229' title='bbox 305 2054 500 2094; x_wconf 90' lang='lat' dir='ltr'>Convocat</span> <span class='ocrx_word' id='word_1_230' title='bbox 531 2061 712 2093; x_wconf 87' lang='lat' dir='ltr'>aeternos</span> <span class='ocrx_word' id='word_1_231' title='bbox 744 2055 790 2093; x_wconf 88' lang='lat' dir='ltr'>ad</span> <span class='ocrx_word' id='word_1_232' title='bbox 823 2067 892 2093; x_wconf 88' lang='lat' dir='ltr'>sua</span> <span class='ocrx_word' id='word_1_233' title='bbox 924 2055 1022 2093; x_wconf 89' lang='lat' dir='ltr'>festa</span> <span class='ocrx_word' id='word_1_234' title='bbox 1054 2054 1171 2093; x_wconf 85' lang='lat' dir='ltr'>deos.</span> 
     </span>
     <span class='ocr_line' id='line_1_36' title="bbox 246 2110 1438 2165; baseline -0.001 -14"><span class='ocrx_word' id='word_1_235' title='bbox 246 2112 442 2152; x_wconf 89' lang='lat' dir='ltr'>Convocat</span> <span class='ocrx_word' id='word_1_236' title='bbox 473 2120 512 2153; x_wconf 89' lang='lat' dir='ltr'>et</span> <span class='ocrx_word' id='word_1_237' title='bbox 544 2120 694 2164; x_wconf 80' lang='lat' dir='ltr'>satyros</span> <span class='ocrx_word' id='word_1_238' title='bbox 728 2119 794 2165; x_wconf 87' lang='lat' dir='ltr'>et,</span> <span class='ocrx_word' id='word_1_239' title='bbox 827 2114 973 2152; x_wconf 87' lang='lat' dir='ltr'>rustica</span> <span class='ocrx_word' id='word_1_240' title='bbox 1005 2114 1163 2151; x_wconf 82' lang='lat' dir='ltr'>numina</span> <span class='ocrx_word' id='word_1_241' title='bbox 1183 2143 1194 2164; x_wconf 89' lang='lat'><em>‚</em></span> <span class='ocrx_word' id='word_1_242' title='bbox 1226 2110 1438 2164; x_wconf 78' lang='lat' dir='ltr'>nymphas3</span> 
     </span>
     <span class='ocr_line' id='line_1_37' title="bbox 306 2170 1226 2224; baseline 0 -15"><span class='ocrx_word' id='word_1_243' title='bbox 306 2171 490 2224; x_wconf 89' lang='lat' dir='ltr'>Silenus,</span> <span class='ocrx_word' id='word_1_244' title='bbox 523 2173 698 2223; x_wconf 75' lang='lat' dir='ltr'>quamvis</span> <span class='ocrx_word' id='word_1_245' title='bbox 730 2184 846 2211; x_wconf 91' lang='lat' dir='ltr'>nemo</span> <span class='ocrx_word' id='word_1_246' title='bbox 878 2177 1063 2223; x_wconf 78' lang='lat' dir='ltr'>vocarat,</span> <span class='ocrx_word' id='word_1_247' title='bbox 1095 2170 1226 2210; x_wconf 90' lang='lat' dir='ltr'>adest.</span> 
     </span>
     <span class='ocr_line' id='line_1_38' title="bbox 157 2229 1466 2282; baseline 0.001 -14"><span class='ocrx_word' id='word_1_248' title='bbox 157 2237 224 2268; x_wconf 78' lang='lat'>325</span> <span class='ocrx_word' id='word_1_249' title='bbox 245 2229 325 2269; x_wconf 89' lang='lat' dir='ltr'>Nec</span> <span class='ocrx_word' id='word_1_250' title='bbox 349 2229 440 2269; x_wconf 89' lang='lat' dir='ltr'>licet</span> <span class='ocrx_word' id='word_1_251' title='bbox 465 2236 505 2270; x_wconf 90' lang='lat' dir='ltr'>et</span> <span class='ocrx_word' id='word_1_252' title='bbox 535 2231 694 2282; x_wconf 82' lang='lat' dir='ltr'>longum</span> <span class='ocrx_word' id='word_1_253' title='bbox 721 2236 781 2269; x_wconf 90' lang='lat' dir='ltr'>est</span> <span class='ocrx_word' id='word_1_254' title='bbox 812 2229 946 2282; x_wconf 90' lang='lat' dir='ltr'>epulas</span> <span class='ocrx_word' id='word_1_255' title='bbox 973 2242 1132 2269; x_wconf 86' lang='lat' dir='ltr'>narrare</span> <span class='ocrx_word' id='word_1_256' title='bbox 1164 2229 1351 2268; x_wconf 89' lang='lat' dir='ltr'>deorum.</span> <span class='ocrx_word' id='word_1_257' title='bbox 1391 2235 1466 2270; x_wconf 81' lang='lat'><strong>(205)</strong></span> 
     </span>
    </p>
   </div>
  </div>
 </body>
</html>
