1575 2489
548 86 607 118 IV.
633 93 661 119 X
681 87 852 120 47—118.
1305 85 1358 126 79

145 193 204 231 Me
239 204 392 244 quoque
426 192 577 231 felicem
597 224 608 245 ,
640 193 742 244 quod
775 205 854 232 non
887 192 1104 232 viventibus
1136 193 1212 232 illis

148 251 241 289 Sum
274 252 423 302 miser,
454 256 493 289 et
524 251 571 290 de
604 263 665 289 me
698 251 801 301 quod
834 251 992 290 doluere
1025 251 1143 290 nihil!

82 316 124 348 85
147 309 187 347 Si
220 315 347 347 tamen
381 310 561 347 extinctis
593 309 736 359 aliquid
769 310 844 348 nisi
875 311 1030 348 nomina
1061 315 1235 360 restant,

145 367 194 405 Et
226 367 379 417 gracilis
413 372 583 406 structos
615 368 751 418 effugit
783 367 920 406 umbra
952 380 1092 418 rogos:

144 425 258 463 Fama
277 455 288 477 ,
318 425 567 477 parentales,
599 427 631 464 si
663 438 730 464 vos
762 438 846 464 mea
879 428 1069 478 contigit,
1102 425 1286 478 umbrae,

144 482 194 521 Et
225 488 316 521 sunt
341 485 381 522 in
415 482 546 534 Stygio
580 484 742 522 crimina
774 489 907 523 nostra
938 484 1047 523 foro:

148 540 252 579 Scite
271 572 282 592 ‚
313 553 455 592 precor
474 572 485 593 ,
517 553 673 581 causam
705 564 751 569 —
789 554 861 581 nec
894 554 960 580 vos
993 542 1087 580 mihi
1119 541 1251 581 fallere

705 601 761 639 sas
794 606 853 639 est
877 621 923 627 —

82 665 126 696 90
146 657 333 696 Errorem
366 659 494 696 iussae
514 689 525 709 ,
557 670 633 697 non
667 658 824 710 scelus,
857 670 942 697 esse
974 658 1109 708 fugae.

142 715 319 754 Manibus
350 715 424 755 hoc
457 718 549 755 satis
582 722 668 756 est.
713 717 758 755 ad
791 728 858 755 vos
877 746 888 767 ,
921 716 1122 768 studiosa,
1153 721 1358 769 revertor,

142 774 335 827 Pectora,
367 786 465 825 quae
498 776 595 813 vitae
629 776 816 825 quaeritis
848 779 931 812 acta
965 786 1095 812 meae.

143 832 221 871 lam
254 832 348 871 mihi
380 834 541 871 canities
573 832 696 883 pulsis
727 831 955 871 melioribus
987 833 1098 871 annis

143 891 338 942 Venerat,
369 892 547 941 antiquas
578 892 868 941 miscueratque
899 902 1053 942 comas,

79 956 121 987 95
142 949 313 1000 Postque
345 961 453 987 meos
485 953 595 988 ortus
626 948 761 987 Pisaea
793 950 945 987 vinctus
978 948 1075 987 oliva

142 1006 364 1046 Abstulerat
395 1007 525 1046 decies
556 1008 726 1058 praemia
758 1009 881 1046 victor
913 1018 1056 1058 eques,

143 1065 238 1104 Cum
270 1066 388 1104 maris
420 1065 562 1104 Euxini
593 1067 741 1116 positos
773 1065 819 1104 ad
850 1065 956 1104 laeva
988 1064 1160 1104 Tomitas

143 1124 340 1170 Quaerere
371 1135 432 1162 me
464 1123 558 1162 laesi
589 1125 777 1174 principis
809 1125 866 1162 ira
898 1122 1028 1162 iubet.

143 1182 264 1221 Causa
297 1193 404 1220 meae
437 1183 588 1220 cunctis
621 1183 784 1221 nimium
817 1194 972 1233 quoque
1005 1187 1095 1220 nota
1126 1182 1262 1220 ruinae

57 1248 122 1279 100
142 1240 288 1278 Indicio
321 1252 398 1278 non
431 1245 491 1279 est
522 1241 763 1279 testificanda
795 1252 903 1279 meo.

142 1298 242 1344 Quid
265 1299 430 1337 reseram
452 1299 715 1349 comitumque
743 1299 850 1337 nefas
871 1297 1112 1348 famulosque
1133 1303 1320 1337 nocentes
1335 1295 1356 1336 ¹?

142 1357 227 1407 Ipsa
259 1356 378 1396 multa
410 1356 480 1395 tuli
513 1368 590 1395 non
622 1357 766 1395 leviora
798 1358 910 1407 suga.

141 1414 340 1465 Indignata
372 1414 481 1453 malis
513 1427 623 1453 mens
656 1421 715 1454 est
747 1414 1002 1454 succumbere
1022 1446 1033 1466 ,
1065 1426 1186 1465 seque

142 1473 339 1512 Praestitit
369 1474 550 1512 invictam
569 1503 580 1524 ,
612 1473 760 1512 viribus
792 1485 861 1512 usa
893 1474 998 1524 suis3

57 1539 120 1570 105
142 1531 372 1582 Oblitusque
405 1533 480 1569 mei
512 1531 729 1582 ductaeque
761 1544 832 1582 per
864 1533 941 1570 otia
974 1533 1071 1569 vitae

140 1589 298 1629 Insolita
330 1592 415 1640 cepi
447 1591 636 1640 temporis
667 1601 773 1628 arma
804 1601 942 1628 manu.

142 1648 292 1699 Totque
326 1648 396 1687 tuli
429 1659 541 1687 casus
573 1647 708 1698 pelago
741 1653 953 1699 terraque,
987 1653 1081 1698 quot
1112 1649 1215 1687 inter

141 1706 347 1745 Occultum
380 1706 511 1745 stellae
544 1709 878 1757 conspicuumque
911 1705 1066 1757 polum.

141 1764 258 1803 Tacta
289 1764 383 1803 mihi
416 1765 571 1804 tandem
602 1765 726 1815 longis
759 1764 960 1803 erroribus
992 1770 1077 1803 acto

57 1830 121 1861 110
142 1822 275 1862 Iuncta
307 1823 541 1874 pharetratis
575 1822 760 1862 Sarmatis
794 1835 860 1862 ora
894 1823 1023 1862 GetiS.

141 1880 211 1920 Hic
244 1893 314 1932 ego
346 1882 520 1920 finitimis
554 1883 727 1932 quamvis
760 1883 1027 1920 circumsoner
1060 1882 1201 1934 armis,

140 1939 310 1992 Tristia,
344 1951 419 1990 quo
452 1952 640 1992 possum,
674 1942 844 1979 carmine
877 1941 951 1979 fata
984 1939 1067 1978 levo
1087 1971 1095 1978 .

140 1997 249 2042 Quod
283 2000 457 2049 quamvis
489 2010 602 2037 nemo
635 2004 723 2050 est,
761 2001 872 2037 cuius
912 1999 1105 2037 reseratur
1137 1998 1183 2037 ad
1216 2010 1352 2051 aures,

141 2055 204 2094 Sic
238 2061 365 2095 tamen
398 2056 559 2095 absumo
592 2057 821 2108 decipioque
855 2057 984 2097 diem.

56 2121 118 2152 115
138 2113 240 2164 Ergo
274 2115 375 2165 quod
408 2117 521 2167 vivo,
555 2115 741 2166 durisque
774 2115 972 2154 laboribus
1004 2114 1139 2167 obsto,

139 2171 218 2210 Nec
252 2185 312 2211 me
346 2173 531 2212 sollicitae
564 2173 689 2212 taedia
721 2173 819 2212 lucis
852 2173 1018 2226 babent,

139 2229 299 2282 Gratia,
330 2231 467 2284 Musa,
499 2231 598 2271 tibi!
654 2244 741 2270 nam
775 2238 817 2270 tu
851 2231 990 2270 solacia
1021 2231 1209 2285 praebes,

139 2287 197 2326 Tu
230 2301 345 2328 curae
377 2292 563 2343 requies,
595 2296 637 2329 tu
670 2290 861 2329 medicina
893 2292 1023 2329 venis.
