1575 2489
497 59 562 93 III.
589 67 667 92 vm
688 61 873 92 12-—V1111
892 61 947 92 56.
1301 57 1383 98 185

174 165 417 205 Scribentem
448 167 553 205 iuvat
584 168 667 217 ipse
700 167 804 205 calor
834 168 1053 217 minuitque
1085 166 1279 218 laborem,

231 224 326 263 Cum
359 236 498 275 quasso
532 237 713 264 crescens
745 230 904 276 pectore
936 226 1061 264 fervet
1092 237 1212 276 opus.

172 282 376 333 Corrigere
409 288 447 321 at
478 294 542 321 res
574 288 634 321 est
665 288 771 322 tanto
805 284 925 334 magis
958 284 1101 335 ardua,
1134 289 1277 335 quanto

230 340 391 391 Magnus
422 341 646 380 Aristarcho
679 343 801 380 maior
833 341 1026 380 Homerus
1059 348 1160 394 erat3

109 406 150 437 25
174 398 237 437 Sic
270 400 440 437 animum
471 398 576 437 lento
609 412 792 439 curarum
824 401 967 451 frigore
1000 400 1138 452 laedit,

230 456 280 495 Ut
311 457 441 508 cupidi
473 469 615 496 census
648 458 756 496 frena
787 463 957 497 retentat
989 460 1101 509 equi.

170 515 296 565 Atque
328 516 380 553 ita
412 515 451 554 di
481 516 595 554 mites
627 517 804 555 minuant
837 517 929 555 mihi
962 516 1137 555 Caesaris
1169 517 1289 568 iram,

230 572 403 624 Ossaque
436 578 567 625 pacata
601 580 734 613 nostra
766 580 947 625 tegantur
979 575 1121 627 humo,

171 630 220 670 Ut
252 631 346 669 mihi
378 633 534 670 conanti
566 645 858 684 nonnumquam
889 633 1094 672 intendere
1128 644 1241 671 curas

107 697 150 727 30
229 689 424 728 Fortunae
457 692 606 741 species
639 690 767 730 obstat
798 690 937 730 acerba
968 703 1102 739 meae,

170 747 318 798 Vixque
351 748 446 787 mihi
478 748 639 800 videor,
672 749 808 787 faciam
841 749 944 799 quod
977 750 1172 801 carmina,
1205 760 1346 801 sanus,

229 805 350 856 Inque
383 808 476 845 feris
509 819 644 853 curem
676 809 873 857 corrigere
905 806 969 845 illa
1002 806 1126 845 Getis!

170 863 231 902 Nil
263 870 391 903 tamen
425 870 484 903 est
515 866 671 915 scriptis
702 866 825 915 magis
858 864 1077 903 excusabile
1111 866 1279 916 nostris,

232 922 354 967 Quam
387 935 526 962 sensus
558 924 710 961 cunctis
741 935 864 974 paene
897 922 1001 973 quod
1033 935 1136 962 unus
1168 925 1288 961 inest.

106 987 149 1019 35
170 980 285 1018 Laeta
317 980 398 1019 fere
430 981 555 1020 laetus
587 982 711 1020 cecini
731 1010 740 1020 .
803 993 898 1020 cano
931 982 1056 1020 tristia
1088 982 1236 1020 tristis.
1310 989 1384 1022 (104)

229 1037 472 1078 Conveniens
505 1040 615 1090 operi
645 1044 800 1090 tempus
833 1044 1045 1090 utrumque
1079 1051 1149 1078 suo
1182 1046 1267 1078 est.

171 1096 302 1149 Quid,
333 1099 409 1136 nisi
440 1097 488 1136 de
520 1099 610 1135 vitio
644 1097 812 1136 scribam
844 1099 1015 1148 regionis
1047 1109 1223 1150 amarae,

230 1154 357 1206 thue
390 1156 474 1194 loco
507 1157 651 1194 moriar
683 1155 946 1194 commodiore
965 1187 977 1207 ,
1008 1153 1182 1207 precer?

172 1213 270 1252 Cum
302 1216 444 1253 totiens
478 1213 612 1252 eadem
645 1214 769 1252 dicam
788 1244 799 1266 ‚
830 1215 893 1252 vix
925 1214 1062 1253 audior
1094 1213 1186 1253 ulli:

106 1280 151 1309 40
230 1270 433 1324 Verbaque
465 1272 646 1324 profectu
678 1272 918 1311 dissimulata
950 1277 1106 1311 carent.

171 1329 220 1368 Et
252 1335 381 1370 tamen
413 1331 508 1369 haec
540 1330 675 1369 eadem
707 1343 796 1370 cum
829 1332 934 1382 sint,
975 1342 1054 1369 non
1092 1330 1298 1370 scribimus

896 1388 1042 1440 isdem3

230 1448 391 1500 Unaque
423 1459 494 1499 per
524 1446 658 1498 plures
690 1459 762 1485 vox
793 1458 879 1485 mea
910 1452 1073 1498 temptat
1106 1459 1243 1498 opem.

171 1509 228 1546 An
249 1539 258 1556 ,
292 1519 339 1546 ne
372 1506 432 1545 bis
464 1517 623 1544 sensum
654 1504 778 1543 lector
810 1506 1004 1556 reperiret
1036 1505 1228 1559 eundem,

230 1566 340 1604 Unus
372 1566 586 1603 amicorum
605 1594 616 1615 ,
648 1563 768 1602 Brute
788 1595 799 1614 ,
830 1563 1026 1614 rogandus
1059 1561 1176 1602 erat?

107 1633 151 1664 45
171 1624 257 1663 Non.
289 1624 362 1662 fuit
393 1623 466 1662 hoc
498 1623 624 1661 tanti.
681 1622 860 1660 confesso
893 1622 1114 1673 ignoscite,
1146 1621 1275 1661 docti:

228 1681 348 1721 Vilior
380 1686 439 1721 est
470 1682 600 1731 operis
632 1680 731 1719 sama
762 1680 884 1719 salute
917 1692 1025 1719 mea.

173 1741 348 1791 Denique
380 1741 578 1778 materiam
613 1751 701 1778 cum
736 1740 823 1790 quis
856 1738 930 1777 sibi
962 1739 1119 1777 finxerit
1150 1740 1259 1790 ipse,

230 1798 401 1837 Arbitrio
434 1799 555 1836 variat
585 1797 706 1836 multa
736 1802 850 1848 poeta
883 1809 977 1836 suo:

170 1857 279 1896 Musa
310 1868 395 1895 mea
428 1861 486 1895 est
516 1855 633 1894 index
664 1856 827 1894 nimium
860 1867 1016 1906 quoque
1049 1866 1139 1893 vera
1172 1854 1385 1907 malorum,

108 1925 150 1955 50
230 1916 356 1966 Atque
388 1915 607 1965 incorrupti
638 1913 811 1965 pondera
843 1915 955 1952 testis
986 1912 1126 1953 hahet.

170 1974 250 2013 Nec
281 1973 379 2012 liber
411 1978 454 2012 ut
485 1973 599 2011 fieret
617 2003 628 2024 ‚
661 1971 728 2011 sed
761 1973 819 2010 uti
850 1983 921 2010 sua
953 1973 1096 2023 cuique
1128 1970 1288 2010 daretur

228 2031 402 2083 Littera,
435 2032 680 2082 propositum
712 2041 884 2080 curaque
917 2034 1051 2068 nostra
1083 2029 1179 2068 suit.

170 2090 379 2129 Postmodo
412 2089 623 2142 collectas,
654 2094 867 2139 utcumque
901 2089 985 2127 sine
1017 2087 1153 2126 ordine
1173 2118 1184 2140 ,
1216 2088 1348 2126 iunxi:

230 2148 311 2187 Hoc
344 2160 441 2199 opus
473 2148 642 2187 electum
673 2159 721 2186 ne
754 2147 849 2185 mihi
881 2146 980 2185 forte
1012 2152 1149 2197 putes.

108 2216 150 2246 55
172 2206 223 2246 Da
257 2208 406 2246 veniam
439 2208 624 2258 scriptis,
658 2217 823 2257 quorum
857 2217 936 2243 non
968 2204 1089 2255 gloria
1121 2203 1233 2243 nobis

229 2265 381 2317 Causa,
413 2265 480 2304 sed
513 2265 659 2304 utilitas
692 2264 944 2315 officiumque
977 2264 1071 2302 suit.
