1601 2484
524 81 583 113 1v.
611 89 625 113 1
646 82 819 114 34—106.
1284 76 1340 118 63

123 190 270 240 Aspera
301 188 459 227 militiae
491 189 642 227 iuvenis
669 189 880 226 certamina
913 187 1019 238 fugi,

123 247 203 286 Nec
234 248 311 285 nisi
341 246 474 284 lusura
507 247 697 284 movimus
730 258 835 284 arma
868 257 1006 297 manu3

124 305 235 343 Nunc
268 306 398 343 senior
429 303 635 354 gladioque
662 304 762 342 latus
795 309 985 354 scutoque
1018 304 1238 355 sinistram,

125 363 313 402 Canitiem
345 362 474 413 galeae
507 362 736 413 subicioque
768 374 919 400 meam.

62 429 104 461 75
124 421 221 459 Nam
253 420 360 459 dedit
391 432 411 458 e
444 419 602 470 specula
634 425 766 459 custos
799 419 867 458 ubi
899 421 1006 470 signa
1039 420 1254 472 tumultus,

124 479 326 517 Induimus
357 479 509 528 trepida
541 480 722 528 protinus
754 490 859 516 arma
890 490 1031 517 manu.

125 537 280 589 Hostis,
311 536 460 574 habens
493 548 608 575 arcus
638 536 865 587 imbutaque
897 536 973 574 tela
1004 538 1190 588 venenis,

126 594 271 634 Saevus
303 594 499 633 anhelanti
530 596 683 633 moenia
715 594 855 633 lustrat
887 606 1011 646 equo;

127 653 253 704 thue
285 665 403 704 rapax
434 653 650 704 pecudem,
681 665 779 703 quae
812 665 853 691 se
885 664 963 690 non
995 654 1091 691 texit
1124 652 1238 704 ovili,

63 720 106 751 80
125 711 201 749 Per
234 717 343 763 sata,
374 723 446 762 per
478 711 592 750 silvas
624 712 777 761 fertque
810 710 1007 760 trahitque
1039 710 1179 761 lupus:

128 769 191 808 Sic
210 801 220 820 ,
253 771 405 820 siquem
436 770 609 808 nondum
640 774 841 820 portarum
874 780 989 818 saepe
1024 775 1228 819 receptum

125 827 320 866 Barbarus
352 829 392 866 in
425 829 570 879 campis
602 828 778 878 repperit
808 827 962 877 hostis,
994 827 1134 865 habet:

127 887 205 924 Aut
237 887 417 936 sequitur
449 891 586 936 captus
618 887 871 935 coniectaque
903 885 1055 923 vincula
1088 885 1186 924 collo

127 944 309 996 Accipit,
341 950 408 982 aut
438 944 516 982 telo
547 945 654 982 virus
686 943 853 981 habente
883 944 1011 994 perit.

65 1011 107 1042 85
129 1002 200 1040 Hic
233 1014 303 1053 ego
337 1002 522 1040 sollicitae
555 1001 655 1040 lateo
688 1013 811 1040 novus
842 1001 968 1040 incola
1001 1001 1128 1042 sedis:

127 1060 214 1099 Heu
245 1062 409 1099 nimium
440 1061 507 1099 fati
539 1066 715 1111 tempora
745 1060 849 1099 lenta
880 1058 980 1099 mei!

127 1118 177 1157 Et
208 1124 337 1157 tamen
370 1119 415 1157 ad
448 1131 633 1157 numeros
665 1119 902 1169 antiquaque
935 1131 1044 1157 sacra
1075 1119 1223 1157 reverti

131 1177 307 1215 Sustinet
337 1179 378 1215 in
411 1179 529 1216 tantis
561 1177 713 1228 hospita
745 1176 855 1215 Musa
886 1176 1019 1215 malis!

130 1234 206 1274 Sed
232 1247 384 1287 neque,
410 1237 474 1274 cui
498 1236 684 1287 recitem,
711 1237 917 1286 quisquam
944 1240 1025 1286 est,
1046 1247 1131 1273 mea
1157 1235 1348 1285 carmina,

682 1305 755 1332 nec
788 1295 855 1344 qui

66 1360 109 1392 90
130 1352 300 1390 Auribus
333 1353 499 1403 accipiat
529 1351 646 1390 verba
678 1351 813 1390 Latina
845 1353 950 1390 suis.

129 1410 215 1460 Ipse
235 1410 331 1448 mihi
348 1432 397 1437 --
428 1410 520 1461 quid
541 1412 645 1448 enim
666 1411 803 1448 faciam
817 1408 838 1448 ἱ)
853 1431 907 1437 -—-
934 1409 1143 1461 scriboque
1164 1409 1349 1461 legoque,

131 1469 309 1520 Tutaque
340 1468 486 1507 iudicio
518 1468 648 1506 littera
675 1474 806 1506 nostra
840 1480 911 1506 suo
944 1474 1026 1507 est.

131 1527 253 1578 Saepe
285 1533 415 1566 tamen
447 1527 526 1565 dixi
558 1524 646 1565 ‘Cui
677 1538 781 1565 nunc
813 1526 909 1564 haec
936 1538 1029 1565 cura
1061 1524 1241 1565 laborat?

130 1586 188 1623 An
219 1597 303 1624 mea
337 1585 587 1624 Sauromatae
620 1586 765 1635 scripta
797 1584 994 1635 Getaeque
1026 1584 1156 1636 legent
1169 1581 1205 1623 ?’

68 1651 110 1683 95
133 1644 254 1694 Saepe
287 1645 402 1682 etiam
435 1643 615 1682 lacrimae
646 1655 708 1682 me
735 1648 827 1681 sunt
859 1643 1056 1682 scribente
1088 1644 1300 1694 profusae,

131 1701 346 1753 Umidaque
380 1707 439 1741 est
469 1702 563 1741 fletu
595 1702 725 1740 littera
757 1702 856 1740 facta
889 1713 1001 1740 meo.

132 1760 285 1811 Corque
307 1766 460 1799 vetusta
486 1772 639 1813 meum,
670 1765 867 1811 tamquam
888 1772 1009 1812 nova,
1035 1759 1197 1798 vulnera
1222 1760 1352 1811 novit,

132 1818 254 1869 Inque
287 1820 416 1858 sinum
448 1825 618 1858 maestae
650 1818 794 1857 labitur
826 1818 951 1857 imber
983 1830 1129 1870 aquae,

133 1876 230 1916 Cum
262 1879 345 1916 vice
378 1883 524 1916 mutata
557 1879 624 1928 qui
655 1879 728 1915 sim
761 1878 1006 1928 fuerimque,
1039 1875 1250 1927 recordor,

49 1943 112 1975 100
133 1935 211 1987 Et,
243 1935 378 1975 tulerit
410 1948 485 1987 quo
519 1948 580 1974 me
613 1947 727 1974 casus
759 1941 798 1974 et
829 1935 962 1987 unde,
996 1935 1123 1975 subit.

135 1994 257 2045 Saepe
290 2006 427 2033 manus
460 1995 651 2046 demens,
683 1993 822 2032 studiis
854 1996 951 2032 irata
984 1994 1162 2044 sibique,

133 2052 239 2091 Misit
270 2054 310 2091 in
342 2065 501 2092 arsuros
535 2054 706 2091 carmina
739 2058 872 2091 nostra
902 2064 1041 2103 rogos.

134 2112 262 2161 Atque
293 2113 375 2164 ita,
407 2111 454 2150 de
481 2111 612 2150 multis
640 2113 823 2162 quoniam
854 2123 932 2149 non
965 2110 1084 2148 multa
1117 2115 1353 2160 supersunt,

137 2169 233 2208 Cum
266 2171 376 2208 venia
409 2171 524 2209 facito
545 2202 555 2221 ,
591 2171 768 2221 quisquis
802 2181 872 2220 eS,
903 2171 978 2207 ista
1010 2167 1137 2218 legas!

51 2234 115 2266 105
136 2227 195 2266 Tu
211 2240 367 2278 quoque
382 2240 458 2266 non
474 2228 631 2280 melius,
648 2240 762 2279 quam
778 2234 870 2266 sunt
884 2239 967 2265 mea
982 2233 1170 2278 tempora,
1185 2237 1353 2275 carmen,

134 2285 347 2325 Interdicta
378 2287 502 2339 mihi,
535 2287 724 2340 consule,
756 2286 906 2338 Roma,
939 2285 1053 2323 boni!
