1601 2484
542 63 606 96 111.
632 71 647 96 1
670 66 809 97 70-111
829 65 884 98 24.
1328 60 1383 102 41

169 171 289 210 Roma
322 170 538 221 domusque
572 170 677 209 subit
709 170 1025 221 desideriumque
1057 169 1257 220 locorum,

170 228 365 278 Quicquid
397 234 436 267 et
466 229 606 267 amissa
639 234 760 267 restat
792 230 831 267 in
865 228 961 267 urbe
994 229 1092 267 mei.

168 286 215 324 Ei
247 287 370 338 mihi,
404 287 506 337 quod
539 288 682 325 totiens
715 288 840 325 nostri
872 286 1022 337 pulsata
1054 285 1223 337 sepulcri

171 344 286 383 lanua
306 377 317 397 ,
349 344 416 383 sed
449 344 555 383 nullo
587 351 762 395 tempore
796 351 928 395 aperta
961 344 1056 383 fuit!

106 410 149 440 25
172 403 251 441 Cur
283 414 353 452 ego
385 408 442 441 tot
474 403 620 453 gladios
653 403 733 453 sugi
765 405 987 454 totiensque
1019 403 1163 441 minata

169 460 311 499 Obruit
341 460 474 499 infelix
507 460 609 499 nulla
642 461 811 511 procella
843 466 960 511 caput
979 458 999 498 ‘3

170 518 244 570 Di,
276 531 374 570 quos
406 520 586 570 experior
619 521 782 557 nimium
815 523 1041 557 constanter
1071 519 1227 568 iniquos
1247 549 1258 570 ,

168 577 382 627 Participes
413 578 493 616 irae
527 589 624 627 quos
656 577 752 615 deus
785 589 887 616 unus
919 577 1057 627 habet,

169 634 423 674 Exstimulate
445 667 455 687 ‚
486 647 656 687 precor,
688 637 879 674 cessantia
913 635 987 672 sata
1020 634 1174 684 meique

105 702 149 732 30
171 692 356 732 Interitus
388 693 538 732 clausas
571 705 655 732 esse
688 699 813 732 vetate
846 691 972 730 fores!

668 820 751 866 ΠΙ.

169 924 270 963 Haec
302 936 414 975 mea,
449 926 481 962 si
513 936 604 963 casu
639 925 792 962 miraris
812 955 822 975 ,
858 924 1019 974 epistula
1053 936 1174 975 quare

167 983 337 1021 Alterius
369 983 497 1033 digitis
530 984 674 1033 scripta
707 984 778 1021 sit:
811 994 925 1032 aeger
957 994 1087 1021 eram.

167 1042 292 1091 Aeger
322 1042 362 1078 in
396 1042 580 1079 extremis
611 1041 734 1090 ignoti
764 1040 941 1091 partibus
973 1039 1103 1093 orbis,

168 1099 425 1149 incertusque
458 1111 564 1137 meae
597 1110 719 1149 paene
753 1098 888 1137 salutis
920 1110 1049 1137 eram.

128 1165 147 1195 5
169 1157 291 1202 Quem
324 1157 418 1194 mihi
451 1169 555 1195 nunc
588 1158 759 1195 animum
791 1156 874 1194 dira
907 1158 1064 1207 regione
1097 1158 1240 1195 iacenti

167 1215 273 1252 Inter
306 1214 553 1253 Sauromatas
585 1226 671 1253 esse
705 1214 898 1264 Getasque
930 1220 1044 1265 putes
1063 1212 1083 1253 ‘?

168 1272 248 1310 Nec
280 1273 429 1311 caelum
460 1274 615 1324 patior,
647 1285 719 1310 nec
751 1274 861 1323 aquis
894 1273 1142 1311 adsuevimus
1173 1274 1283 1325 istis,

169 1330 368 1380 Terraque
401 1332 532 1368 nescio
565 1343 641 1381 quo
673 1343 750 1369 non
783 1330 908 1380 placet
940 1332 1023 1381 ipsa
1055 1331 1192 1369 modo.

167 1388 250 1426 Non
284 1388 420 1426 domus
453 1395 539 1438 apta
572 1391 693 1439 satis,
726 1400 804 1426 non
836 1388 899 1427 hic
933 1389 1043 1427 cibus
1075 1389 1182 1427 utilis
1214 1402 1354 1443 aegro,

108 1455 149 1484 10
170 1445 335 1497 Nullus,
368 1446 565 1496 Apollinea
599 1448 667 1497 qui
698 1446 799 1484 levet
831 1451 913 1484 arte
945 1447 1112 1498 malum,

166 1503 250 1542 Non
284 1506 350 1554 qui
382 1503 530 1542 soletur
551 1536 562 1555 ,
595 1516 673 1542 non
707 1505 774 1555 qui
805 1503 972 1542 labentia
1004 1505 1113 1543 tarde

166 1561 356 1612 Tempora
389 1562 581 1600 narrando
613 1562 746 1612 sallat,
778 1563 927 1601 amicus
959 1563 1091 1601 adest.

167 1619 310 1659 Lassus
342 1621 381 1658 in
415 1621 598 1658 extremis
630 1622 737 1659 iaceo
769 1621 1002 1672 populisque
1033 1621 1231 1673 locisque,

168 1677 217 1716 Et
248 1678 354 1717 subit
385 1678 535 1717 adfecto
566 1691 671 1717 nunc
702 1678 826 1730 mihi,
859 1679 1045 1730 quicquid
1079 1678 1209 1718 abest.

104 1745 145 1775 15
167 1736 303 1775 Omnia
336 1749 424 1775 cum
457 1736 650 1789 subeant,
683 1738 805 1775 vincis
837 1743 966 1776 tamen
999 1739 1155 1790 omnia,
1188 1739 1356 1778 coniunx

167 1794 216 1833 Et
247 1795 334 1845 plus
366 1796 405 1833 in
437 1802 571 1833 nostro
602 1801 762 1846 pectore
794 1801 905 1846 parte
936 1802 1070 1834 tenes.

164 1852 218 1890 Te
251 1852 388 1904 loquor
421 1853 650 1904 absentem,
682 1859 719 1892 te
752 1866 824 1891 vox
858 1865 940 1892 mea
973 1855 1147 1893 nominat
1179 1867 1321 1907 unam,

164 1910 275 1949 Nulla
307 1913 412 1950 venit
443 1913 526 1950 sine
558 1917 595 1950 te
628 1924 703 1950 nox
736 1912 860 1964 mihi,
893 1912 997 1950 nulla
1029 1912 1136 1951 dies.

165 1968 267 2014 Quin
300 1971 415 2008 etiam
448 1972 503 2008 sic
535 1981 596 2009 me
628 1969 764 2009 dicunt
795 1970 918 2009 aliena
950 1970 1145 2022 locutum,

100 2035 143 2066 20
165 2026 213 2066 Ut
245 2027 345 2066 soret
376 2029 521 2066 amenti
552 2040 693 2067 nomen
724 2030 764 2066 in
796 2041 863 2067 ore
896 2034 1030 2068 tuum.

165 2085 205 2124 Si
236 2087 311 2139 iam
343 2086 547 2138 deficiam,
580 2086 870 2137 subpressaque
902 2087 1033 2138 lingua
1064 2086 1191 2138 palato

165 2143 234 2182 Vix
265 2144 448 2183 instillato
481 2145 721 2183 restituenda
755 2157 887 2195 mero,

164 2201 324 2241 Nuntiet
354 2202 431 2241 huc
462 2202 601 2254 aliquis
633 2203 828 2241 dominam
861 2204 1042 2255 venisse,
1075 2215 1302 2254 resurgam,

165 2260 340 2311 Spesque
375 2263 430 2299 tui
462 2261 574 2300 nohis
607 2273 721 2300 causa
754 2263 897 2312 vigoris
929 2263 1003 2299 erit
