1575 2489
185 86 269 126 296
722 86 975 118 FASTORL'M

306 193 425 231 Terra
457 191 583 231 tribus
615 191 784 242 scopulis
816 198 966 230 vastum
996 195 1193 244 procurrit
1223 195 1264 232 in
1295 205 1440 244 aequor

214 260 282 290 420
320 269 326 275 ·
362 250 560 288 Trinacris
579 281 589 301 ‚
622 262 642 288 a
673 251 802 300 positu
834 261 976 288 nomen
1007 250 1143 302 adepta
1174 251 1271 304 loci,

303 308 417 346 Grata
450 308 586 346 domus
619 307 779 345 Cereri.
836 307 975 346 multas
1007 320 1050 346 ea
1081 309 1253 359 possidet
1284 309 1427 360 urbes,

360 365 403 403 In
436 364 576 415 quibus
610 371 669 403 est
700 364 803 403 culto
836 365 976 404 fertilis
1007 365 1141 405 Henna
1173 367 1275 406 solo.

302 423 455 473 Frigida
488 422 699 461 caelestum
729 428 873 461 matres
903 424 1094 462 Arethusa
1125 431 1302 464 vocarat:

360 480 526 519 Venerat
557 481 603 519 ad
637 492 765 519 sacras
797 486 835 519 et
867 481 936 519 dea
966 481 1060 520 flava
1091 482 1230 533 dapes.

214 548 281 578 425
302 539 395 577 Filia
414 570 425 591 ‚
458 540 656 577 consuetis
688 545 732 577 ut
763 544 846 577 erat
876 540 1054 578 comitata
1086 540 1248 592 puellis,

362 596 527 635 Errabat
558 597 662 635 nudo
694 608 764 647 per
796 608 864 635 sua
895 603 1004 647 prata
1035 598 1155 648 pede.

302 654 404 693 Valle
437 654 509 693 sub
540 654 724 693 umbrosa
755 654 863 693 locus
895 661 955 694 est
985 657 1187 706 aspergine
1219 655 1338 694 multa

363 713 507 751 Uvidus
540 725 587 751 ex
619 712 693 750 alto
726 712 940 751 desilientis
972 725 1115 763 aquae.

303 771 377 809 Tot
408 771 563 809 fuerant
593 771 700 822 illie,
733 776 828 821 quot
858 770 975 809 habet
1006 777 1143 810 natura
1161 802 1172 822 ‚
1205 771 1377 823 colores,

216 838 283 868 430
361 829 547 879 Pictaque
580 828 758 867 dissimili
788 828 883 867 flore
915 828 1062 868 nitebat
1093 829 1257 868 humus,

304 886 427 932 Quam
459 886 575 925 simul
607 888 784 938 aspexit,
817 884 998 925 ‘comites
1018 918 1029 939 ‚
1060 888 1231 926 accedite
1253 884 1285 926 !'
1318 888 1414 926 dixit

364 942 432 983 eEt
464 957 616 983 mecum
647 944 782 995 plenos
814 945 908 983 ssore
941 945 1084 984 referte
1118 943 1273 984 sinusl'

303 1003 451 1041 Praeda
482 1002 676 1053 puellares
707 1004 855 1041 animos
886 1002 1077 1053 prolectat
1106 1005 1256 1056 inanis,

362 1060 411 1098 Et
442 1073 519 1098 non
552 1062 719 1099 sentitur
752 1060 954 1099 sedulitate
986 1061 1115 1100 labor.

216 1127 283 1158 435
304 1118 406 1156 Ilaec
438 1118 573 1169 implet
603 1118 707 1156 lento
740 1118 909 1156 calathos
942 1130 962 1156 e
992 1120 1134 1156 vimine
1167 1130 1310 1170 nexos,

363 1176 466 1214 Haec
499 1177 690 1226 gremium
709 1206 720 1226 ‚
751 1175 857 1214 laxos
889 1176 1070 1226 degravat
1101 1176 1163 1214 illa
1196 1178 1326 1216 sinus.

305 1234 370 1273 Illa
403 1234 495 1285 legit
527 1234 700 1285 calthas,
732 1234 824 1272 huic
856 1240 948 1272 sunt
977 1233 1133 1272 violaria
1165 1247 1304 1285 curae,

362 1292 428 1330 Illa
460 1304 694 1343 papavereas
727 1291 907 1331 subsecat
937 1304 1068 1343 ungue
1101 1304 1253 1332 comas:

304 1350 381 1388 Has
401 1381 411 1401 ,
443 1350 677 1402 hyacinthe,
709 1356 847 1401 tenes3
879 1350 963 1389 illas
982 1382 992 1402 ,
1025 1356 1220 1389 amarante
1239 1382 1249 1402 ‚
1282 1352 1468 1390 moraris:

215 1418 284 1447 440
363 1408 456 1446 Pars
489 1408 647 1459 thyma,
679 1420 769 1459 pars
801 1410 941 1447 casiam
961 1440 971 1460 ,
1008 1421 1098 1459 pars
1136 1409 1333 1448 meliloton
1365 1414 1512 1448 amant.

303 1466 474 1505 Plurima
512 1466 611 1505 lecta
648 1478 736 1504 rosa
774 1472 862 1518 est3
900 1472 992 1505 sunt
1029 1473 1067 1505 et
1098 1468 1182 1505 sine
1214 1469 1368 1506 nomine

1027 1525 1166 1563 ssores.

362 1583 449 1634 Ipsa
482 1594 617 1621 crocos
651 1588 788 1621 tenues
819 1582 973 1633 liliaque
1006 1582 1090 1621 alba
1122 1583 1235 1634 legit.

307 1640 499 1692 Carpendi
531 1640 657 1679 studio
690 1640 873 1691 paulatim
904 1640 1057 1691 longius
1089 1642 1191 1692 itur,

362 1699 411 1737 Et
443 1699 637 1737 dominam
669 1710 761 1737 casu
792 1698 897 1736 nulla
929 1704 1061 1737 secuta
1093 1711 1246 1737 comes.

217 1765 284 1796 445
306 1756 412 1796 Hanc
444 1756 548 1795 videt
579 1762 617 1795 et
648 1758 768 1794 visam
798 1762 962 1807 patruus
993 1756 1178 1795 velociter
1209 1757 1357 1809 aufert,

363 1815 574 1865 Regnaque
607 1814 796 1853 caeruleis
827 1816 867 1852 in
900 1826 968 1853 sua
1000 1820 1130 1865 portat
1161 1817 1293 1865 equis.

305 1873 371 1912 Illa
403 1873 560 1923 quidem
593 1872 780 1911 clamabat
812 1869 897 1924 ‘io,
930 1874 1127 1911 carissima
1159 1879 1305 1924 mater,

363 1931 530 1970 Auferor
550 1928 580 1969 1’
613 1932 696 1982 ipsa
728 1942 819 1969 suos
852 1930 1146 1982 abscideratque
1179 1932 1311 1971 sinus:

305 1989 493 2028 Panditur
524 1991 674 2027 interea
705 1988 782 2027 Diti
812 1991 900 2040 via,
931 2001 1096 2040 namque
1129 1989 1312 2028 diurnum

218 2056 284 2086 450
364 2047 513 2086 Lumen
544 2046 739 2086 inadsueti
769 2048 831 2085 vix
862 2048 1063 2098 patiuntur
1096 2048 1208 2098 equi.
1240 2072 1247 2078 -

306 2107 355 2144 At
387 2106 529 2144 chorus
562 2105 731 2156 aequalis
750 2135 760 2155 ,
793 2104 1008 2144 cumulatae
1040 2104 1135 2143 ssore
1168 2106 1390 2156 ministrae,

366 2161 635 2214 ‘Persephone
656 2160 688 2215 ‚⁹
721 2162 887 2202 clamant
918 2160 984 2201 ‘ad
1018 2168 1082 2201 tua
1115 2163 1213 2201 dona
1244 2160 1375 2202 venil'

306 2221 355 2260 Ut
387 2221 546 2260 clamata
579 2221 694 2273 silet,
725 2227 876 2260 montes
908 2220 1119 2260 ululatibus
1150 2221 1334 2273 implent,

364 2279 414 2318 Et
444 2281 590 2318 feriunt
621 2285 789 2318 maestae
820 2284 978 2331 pectora
1011 2279 1112 2317 nuda
1145 2291 1306 2318 manus.
