1575 2489
181 81 265 123 242
718 80 972 113 FAsroizmu

356 189 518 239 Altaque
551 187 747 227 Troezene
778 187 1082 238 Parrhasiaeque
1115 189 1244 226 nives.
1454 208 1503 214 —

299 248 376 286 Pan
410 251 494 287 erat
524 247 716 292 armenti,
747 244 828 284 Pan
858 244 937 283 illic
968 257 1113 283 numen
1145 256 1355 295 equarum,

356 304 496 342 Munus
529 302 577 340 ob
609 302 824 341 incolumes
855 302 919 341 ille
952 302 1100 341 serebat
1131 314 1243 341 oves.

298 361 512 400 Transtulit
543 359 721 399 Evander
753 360 944 399 silvestria
974 361 1132 399 numina
1164 371 1315 398 secum.

211 429 278 460 280
357 419 430 457 Hic
449 450 460 470 ,
490 417 558 457 ubi
589 430 694 456 nunc
725 417 827 456 Urbs
858 424 945 469 est,
977 423 1059 456 tum
1090 418 1199 456 locus
1230 416 1340 456 urbis
1373 422 1478 455 erat.

299 477 392 516 Inde
426 476 541 515 deum
573 476 737 515 colimus
769 475 1004 526 devectaque
1036 488 1144 514 sacra
1175 475 1368 525 Pelasgis:

359 534 518 573 Flamen
550 533 596 572 ad
627 533 722 572 haec
753 535 883 585 prisco
915 545 1022 572 more
1055 533 1171 571 DIalis
1203 539 1307 571 erat.

300 593 378 632 Cur
408 593 529 643 igitur
555 598 743 642 currant,
776 597 815 630 et
841 603 910 630 cur
937 611 979 618 —-
1006 593 1062 629 sic
1088 603 1246 629 currere
1273 603 1355 629 mos
1383 596 1441 628 est
1467 612 1506 616 —

357 649 469 689 Nuda
500 651 627 688 serant
657 651 783 700 posita
814 660 979 700 corpora
1011 655 1116 687 veste
1136 680 1146 699 ,
1177 646 1324 698 rogas?

212 718 279 750 285
300 709 385 761 lpse
419 708 516 747 deus
547 707 658 746 velox
689 708 912 746 discurrere
945 706 1085 756 gaudet
1115 708 1156 744 in
1187 706 1273 744 altis

358 765 554 805 Montibus
573 797 584 817 ,
616 771 655 804 et
686 765 833 804 subitas
866 766 1035 815 concipit
1065 765 1147 815 ipse
1179 764 1312 815 fugas3
1458 784 1505 790 —

300 824 386 877 Ipse
419 824 516 863 deus
547 823 675 862 nudus
708 823 832 862 nudos
864 822 973 861 iubet
1003 824 1060 861 ire
1092 823 1316 873 ministros,

358 882 439 921 Nec
472 883 564 920 satis
596 882 642 920 ad
675 893 815 920 cursus
848 879 1048 919 commoda
1079 881 1197 918 vestis
1229 885 1335 918 erat.

301 942 398 979 Ante
430 939 559 978 Iovem
590 941 764 990 genitum
796 945 922 977 terras
953 937 1134 977 habuisse
1166 938 1347 976 feruntur

215 1007 282 1038 290
361 997 560 1049 Arcades,
592 1004 631 1036 et
662 998 751 1036 luna
783 1009 877 1048 gens
909 998 1016 1047 prior
1047 996 1110 1034 illa
1142 996 1237 1034 suit.

301 1056 385 1095 Vita
417 1056 510 1094 seris
543 1055 678 1094 similis
698 1086 708 1106 ,
742 1055 867 1093 nullos
899 1056 1039 1104 agitata
1070 1066 1139 1104 per
1171 1066 1289 1092 usus:

360 1114 464 1152 Artis
497 1113 621 1152 adhuc
654 1125 792 1163 expers
824 1118 863 1150 et
894 1112 990 1150 rude
1024 1112 1158 1161 volgus
1191 1117 1294 1149 erat.

300 1171 376 1211 Pro
409 1171 587 1209 domibus
619 1171 776 1208 frondes
809 1174 976 1221 norant,
1008 1181 1078 1219 pro
1110 1168 1288 1218 frugibus
1319 1168 1484 1220 herbas,

360 1229 501 1268 Nectar
533 1235 616 1267 erat
646 1229 783 1279 palmis
815 1227 952 1266 hausta
984 1226 1132 1266 duabus
1165 1238 1284 1277 aqua.

217 1296 282 1328 295
303 1287 440 1327 Nullus
473 1286 676 1325 anhelabat
707 1286 780 1325 sub
813 1286 961 1324 adunco
993 1297 1148 1323 vomere
1179 1290 1339 1337 taurus,

360 1344 471 1384 Nulla
503 1344 575 1383 sub
606 1346 769 1396 imperio
801 1350 905 1383 terra
938 1343 1098 1382 colentis
1131 1348 1238 1382 erat:

301 1403 439 1443 Nullus
472 1403 598 1442 adhuc
630 1409 713 1441 erat
745 1414 839 1441 usus
872 1403 986 1453 equi,
1021 1413 1062 1440 se
1095 1402 1260 1452 quisque
1291 1400 1466 1440 ferebat:

360 1461 444 1500 Ibat
475 1462 556 1500 ovis
587 1461 673 1500 lana
705 1472 847 1512 corpus
880 1462 1017 1498 amicta
1049 1471 1140 1497 sua.

305 1518 384 1559 Sub
417 1518 505 1557 Iove
538 1518 729 1558 durabant
761 1524 799 1557 et
830 1530 992 1569 corpora
1023 1517 1125 1555 nuda
1157 1515 1365 1567 gerebant,

216 1586 282 1617 300
361 1577 480 1616 Docta
512 1589 648 1628 graves
680 1576 826 1615 imbres
859 1581 898 1614 et
928 1575 1094 1614 tolerare
1126 1581 1260 1613 notos.

302 1635 414 1674 Nunc
447 1647 601 1686 quoque
633 1635 777 1673 detecti
808 1634 986 1673 referunt
1017 1634 1253 1671 monimenta
1284 1634 1425 1671 vetusti

362 1692 509 1744 Moris,
542 1698 580 1732 et
611 1694 789 1744 antiquas
820 1692 1079 1730 testificantur
1111 1703 1227 1741 opes.

305 1750 380 1790 Sed
413 1763 483 1790 cur
514 1753 720 1802 praecipue
753 1751 875 1800 fugiat
906 1749 1091 1788 velamina
1122 1748 1302 1801 Faunus,

362 1808 545 1848 Traditur
577 1810 726 1859 antiqui
757 1808 884 1847 fabula
915 1807 1028 1858 plena
1059 1808 1155 1846 ioci.

218 1876 283 1908 305
306 1867 422 1906 Forte
455 1879 584 1906 comes
617 1867 794 1905 dominae
825 1867 976 1905 iuvenis
1007 1865 1234 1916 Tirynthius
1265 1863 1366 1903 ibat:

362 1925 464 1964 Vidit
496 1925 541 1964 ab
575 1925 726 1964 excelso
759 1924 916 1963 Faunus
948 1930 1157 1973 utrumque
1190 1925 1302 1973 iugo.

306 1983 436 2034 Vidit,
470 1989 508 2023 et
538 1983 726 2034 incaluit,
759 1979 1059 2032 ‘montana'que
1093 1976 1314 2031 ‘numi11a,'
1348 1979 1443 2018 dixit

364 2039 445 2080 ‘Nil
477 2041 571 2081 mihi
602 2041 801 2080 vobiscum
833 2046 909 2079 est:
951 2039 1014 2078 hic
1046 2051 1156 2078 meus
1189 2038 1303 2077 ardor
1335 2034 1453 2076 erit.'

305 2099 390 2139 Ibat
422 2099 591 2139 odoratis
623 2111 780 2139 umeros
810 2099 968 2150 perfusa
1000 2097 1146 2148 capillis

219 2165 284 2198 310
362 2158 562 2210 Maeonis,
594 2163 728 2197 aurato
760 2155 1032 2208 conspicienda
1064 2157 1175 2194 sinu:

305 2216 432 2255 Aurea
463 2216 659 2268 pellebant
688 2215 840 2267 tepidos
870 2213 1095 2254 umbracula
1127 2213 1250 2265 soles,

364 2278 468 2320 Quae
502 2281 630 2314 tamen
662 2273 875 2313 Herculeae
907 2274 1128 2312 sustinuere
1161 2282 1320 2311 manus.
