<?xml version="1.0" encoding="UTF-8"?>
<!DOCTYPE html PUBLIC "-//W3C//DTD XHTML 1.0 Transitional//EN"
    "http://www.w3.org/TR/xhtml1/DTD/xhtml1-transitional.dtd">
<html xmlns="http://www.w3.org/1999/xhtml" xml:lang="en" lang="en">
 <head>
  <title>
</title>
<meta http-equiv="Content-Type" content="text/html;charset=utf-8" />
  <meta name='ocr-system' content='tesseract 3.04.00' />
  <meta name='ocr-capabilities' content='ocr_page ocr_carea ocr_par ocr_line ocrx_word'/>
</head>
<body>
  <div class='ocr_page' id='page_1' title='image "./operaovid01oviduoft/operaovid01oviduoft_0024.png"; bbox 0 0 1601 2484; ppageno 0'>
   <div class='ocr_carea' id='block_1_1' title="bbox 184 85 1140 120">
    <p class='ocr_par' dir='ltr' id='par_1_1' title="bbox 184 85 1140 120">
     <span class='ocr_line' id='line_1_1' title="bbox 184 85 1140 120; baseline -0.004 0"><span class='ocrx_word' id='word_1_1' title='bbox 184 85 251 120; x_wconf 77' lang='lat' dir='ltr'>XX</span> <span class='ocrx_word' id='word_1_2' title='bbox 1114 106 1140 116; x_wconf 42' lang='grc' dir='ltr'><strong>ς</strong></span> 
     </span>
    </p>
   </div>
   <div class='ocr_carea' id='block_1_2' title="bbox 183 186 1515 2330">
    <p class='ocr_par' dir='ltr' id='par_1_2' title="bbox 183 186 1511 472">
     <span class='ocr_line' id='line_1_2' title="bbox 185 186 1510 244; baseline 0.002 -13"><span class='ocrx_word' id='word_1_3' title='bbox 185 207 231 232; x_wconf 85' lang='lat' dir='ltr'>ex</span> <span class='ocrx_word' id='word_1_4' title='bbox 262 195 474 243; x_wconf 81' lang='lat' dir='ltr'>archetypo</span> <span class='ocrx_word' id='word_1_5' title='bbox 506 186 703 241; x_wconf 82' lang='lat' dir='ltr'>traditam,</span> <span class='ocrx_word' id='word_1_6' title='bbox 737 193 895 242; x_wconf 89' lang='lat' dir='ltr'>eiusque</span> <span class='ocrx_word' id='word_1_7' title='bbox 927 194 984 233; x_wconf 91' lang='lat' dir='ltr'>rei</span> <span class='ocrx_word' id='word_1_8' title='bbox 1015 198 1293 244; x_wconf 81' lang='lat' dir='ltr'>argumentum</span> <span class='ocrx_word' id='word_1_9' title='bbox 1323 195 1420 233; x_wconf 83' lang='lat' dir='ltr'>mihi</span> <span class='ocrx_word' id='word_1_10' title='bbox 1451 198 1510 234; x_wconf 85' lang='lat' dir='ltr'>est</span> 
     </span>
     <span class='ocr_line' id='line_1_3' title="bbox 185 251 1511 301; baseline 0.001 -12"><span class='ocrx_word' id='word_1_11' title='bbox 185 252 438 301; x_wconf 73' lang='lat' dir='ltr'>interpolatio</span> <span class='ocrx_word' id='word_1_12' title='bbox 471 251 612 289; x_wconf 90' lang='lat' dir='ltr'>codicis</span> <span class='ocrx_word' id='word_1_13' title='bbox 644 251 852 299; x_wconf 87' lang='lat' dir='ltr'>Argentor.</span> <span class='ocrx_word' id='word_1_14' title='bbox 885 254 925 290; x_wconf 92' lang='lat' dir='ltr'>et</span> <span class='ocrx_word' id='word_1_15' title='bbox 954 253 1226 301; x_wconf 81' lang='lat' dir='ltr'>posteriorum,</span> <span class='ocrx_word' id='word_1_16' title='bbox 1260 253 1426 290; x_wconf 90' lang='lat' dir='ltr'>duorum</span> <span class='ocrx_word' id='word_1_17' title='bbox 1455 253 1511 290; x_wconf 91' lang='lat' dir='ltr'>di-</span> 
     </span>
     <span class='ocr_line' id='line_1_4' title="bbox 185 309 1510 359; baseline 0.002 -12"><span class='ocrx_word' id='word_1_18' title='bbox 185 311 409 358; x_wconf 84' lang='lat' dir='ltr'>stichorum,</span> <span class='ocrx_word' id='word_1_19' title='bbox 443 321 540 358; x_wconf 88' lang='lat' dir='ltr'>quae</span> <span class='ocrx_word' id='word_1_20' title='bbox 565 309 680 357; x_wconf 90' lang='lat' dir='ltr'>plane</span> <span class='ocrx_word' id='word_1_21' title='bbox 701 309 878 347; x_wconf 86' lang='lat' dir='ltr'>referunt</span> <span class='ocrx_word' id='word_1_22' title='bbox 896 310 976 354; x_wconf 87' lang='lat' dir='ltr'>illa,</span> <span class='ocrx_word' id='word_1_23' title='bbox 1003 323 1100 359; x_wconf 88' lang='lat' dir='ltr'>quae</span> <span class='ocrx_word' id='word_1_24' title='bbox 1120 311 1242 348; x_wconf 84' lang='lat' dir='ltr'>Ibidis</span> <span class='ocrx_word' id='word_1_25' title='bbox 1261 314 1351 359; x_wconf 91' lang='lat' dir='ltr'>post</span> <span class='ocrx_word' id='word_1_26' title='bbox 1369 324 1405 349; x_wconf 83' lang='lat' dir='ltr'>v.</span> <span class='ocrx_word' id='word_1_27' title='bbox 1428 313 1510 349; x_wconf 89' lang='lat'>130</span> 
     </span>
     <span class='ocr_line' id='line_1_5' title="bbox 186 366 1509 417; baseline 0.001 -12"><span class='ocrx_word' id='word_1_28' title='bbox 186 371 313 406; x_wconf 88' lang='lat' dir='ltr'>erant:</span> <span class='ocrx_word' id='word_1_29' title='bbox 351 367 559 415; x_wconf 79' lang='lat' dir='ltr'>utrobique</span> <span class='ocrx_word' id='word_1_30' title='bbox 597 379 644 404; x_wconf 79' lang='lat' dir='ltr'>ex</span> <span class='ocrx_word' id='word_1_31' title='bbox 672 378 749 404; x_wconf 85' lang='lat' dir='ltr'>uno</span> <span class='ocrx_word' id='word_1_32' title='bbox 782 366 937 405; x_wconf 82' lang='lat' dir='ltr'>distichi</span> <span class='ocrx_word' id='word_1_33' title='bbox 967 380 1084 407; x_wconf 86' lang='lat' dir='ltr'>versu</span> <span class='ocrx_word' id='word_1_34' title='bbox 1116 369 1297 406; x_wconf 82' lang='lat' dir='ltr'>bifariam</span> <span class='ocrx_word' id='word_1_35' title='bbox 1329 369 1509 417; x_wconf 87' lang='lat' dir='ltr'>suppleto</span> 
     </span>
     <span class='ocr_line' id='line_1_6' title="bbox 183 425 675 472; baseline -0.002 -9"><span class='ocrx_word' id='word_1_36' title='bbox 183 426 275 463; x_wconf 88' lang='lat' dir='ltr'>bina</span> <span class='ocrx_word' id='word_1_37' title='bbox 307 425 472 462; x_wconf 86' lang='lat' dir='ltr'>disticha</span> <span class='ocrx_word' id='word_1_38' title='bbox 501 436 675 472; x_wconf 79' lang='lat' dir='ltr'>procusa.</span> 
     </span>
    </p>

    <p class='ocr_par' dir='ltr' id='par_1_3' title="bbox 184 482 1511 763">
     <span class='ocr_line' id='line_1_7' title="bbox 301 482 1511 532; baseline 0 -12"><span class='ocrx_word' id='word_1_39' title='bbox 301 483 459 520; x_wconf 84' lang='lat' dir='ltr'>Lacuna</span> <span class='ocrx_word' id='word_1_40' title='bbox 485 483 653 520; x_wconf 86' lang='lat' dir='ltr'>secunda</span> <span class='ocrx_word' id='word_1_41' title='bbox 677 494 747 519; x_wconf 89' lang='lat' dir='ltr'>nec</span> <span class='ocrx_word' id='word_1_42' title='bbox 772 482 857 530; x_wconf 88' lang='lat' dir='ltr'>ipsa</span> <span class='ocrx_word' id='word_1_43' title='bbox 881 483 923 520; x_wconf 91' lang='lat' dir='ltr'>in</span> <span class='ocrx_word' id='word_1_44' title='bbox 946 483 1087 521; x_wconf 86' lang='lat' dir='ltr'>Hamb.</span> <span class='ocrx_word' id='word_1_45' title='bbox 1113 484 1324 532; x_wconf 71' lang='lat' dir='ltr'>indicatur-3</span> <span class='ocrx_word' id='word_1_46' title='bbox 1356 486 1511 522; x_wconf 87' lang='lat' dir='ltr'>tantum</span> 
     </span>
     <span class='ocr_line' id='line_1_8' title="bbox 184 540 1509 590; baseline 0 -11"><span class='ocrx_word' id='word_1_47' title='bbox 184 553 245 579; x_wconf 80' lang='lat' dir='ltr'>vv.</span> <span class='ocrx_word' id='word_1_48' title='bbox 279 542 334 579; x_wconf 81' lang='lat'>20</span> <span class='ocrx_word' id='word_1_49' title='bbox 366 541 415 578; x_wconf 91' lang='lat' dir='ltr'>ad</span> <span class='ocrx_word' id='word_1_50' title='bbox 446 542 514 589; x_wconf 82' lang='lat'>42,</span> <span class='ocrx_word' id='word_1_51' title='bbox 545 540 687 590; x_wconf 79' lang='lat' dir='ltr'>viginti</span> <span class='ocrx_word' id='word_1_52' title='bbox 719 540 806 588; x_wconf 92' lang='lat' dir='ltr'>duo,</span> <span class='ocrx_word' id='word_1_53' title='bbox 837 540 894 578; x_wconf 83' lang='lat' dir='ltr'>ita</span> <span class='ocrx_word' id='word_1_54' title='bbox 925 542 1070 590; x_wconf 87' lang='lat' dir='ltr'>scripti,</span> <span class='ocrx_word' id='word_1_55' title='bbox 1102 544 1146 580; x_wconf 90' lang='lat' dir='ltr'>ut</span> <span class='ocrx_word' id='word_1_56' title='bbox 1176 542 1395 579; x_wconf 75' lang='lat' dir='ltr'>hexametri</span> <span class='ocrx_word' id='word_1_57' title='bbox 1425 554 1509 580; x_wconf 89' lang='lat' dir='ltr'>suc-</span> 
     </span>
     <span class='ocr_line' id='line_1_9' title="bbox 184 597 1508 648; baseline 0.001 -13"><span class='ocrx_word' id='word_1_58' title='bbox 184 599 323 636; x_wconf 89' lang='lat' dir='ltr'>cedant</span> <span class='ocrx_word' id='word_1_59' title='bbox 353 599 619 648; x_wconf 79' lang='lat' dir='ltr'>pentametris.</span> <span class='ocrx_word' id='word_1_60' title='bbox 692 598 733 635; x_wconf 88' lang='lat' dir='ltr'>in</span> <span class='ocrx_word' id='word_1_61' title='bbox 770 597 898 637; x_wconf 91' lang='lat' dir='ltr'>codice</span> <span class='ocrx_word' id='word_1_62' title='bbox 928 598 1150 637; x_wconf 85' lang='lat' dir='ltr'>Monacensi</span> <span class='ocrx_word' id='word_1_63' title='bbox 1186 600 1401 638; x_wconf 85' lang='lat' dir='ltr'>vetustiore</span> <span class='ocrx_word' id='word_1_64' title='bbox 1439 600 1508 636; x_wconf 89' lang='lat' dir='ltr'>mi-</span> 
     </span>
     <span class='ocr_line' id='line_1_10' title="bbox 185 656 1511 706; baseline 0 -12"><span class='ocrx_word' id='word_1_65' title='bbox 185 669 315 694; x_wconf 88' lang='lat' dir='ltr'>serum</span> <span class='ocrx_word' id='word_1_66' title='bbox 355 659 416 694; x_wconf 88' lang='lat' dir='ltr'>est</span> <span class='ocrx_word' id='word_1_67' title='bbox 458 657 787 705; x_wconf 87' lang='lat' dir='ltr'>supplementum,</span> <span class='ocrx_word' id='word_1_68' title='bbox 831 656 872 693; x_wconf 92' lang='lat' dir='ltr'>in</span> <span class='ocrx_word' id='word_1_69' title='bbox 915 657 1213 706; x_wconf 89' lang='lat' dir='ltr'>recentioribus,</span> <span class='ocrx_word' id='word_1_70' title='bbox 1256 660 1352 706; x_wconf 87' lang='lat' dir='ltr'>puto</span> <span class='ocrx_word' id='word_1_71' title='bbox 1391 657 1511 695; x_wconf 87' lang='lat' dir='ltr'>etiam</span> 
     </span>
     <span class='ocr_line' id='line_1_11' title="bbox 185 714 595 763; baseline 0.005 -12"><span class='ocrx_word' id='word_1_72' title='bbox 185 714 385 763; x_wconf 85' lang='lat' dir='ltr'>Argorat.,</span> <span class='ocrx_word' id='word_1_73' title='bbox 417 715 595 753; x_wconf 90' lang='lat' dir='ltr'>alterum.</span> 
     </span>
    </p>

    <p class='ocr_par' dir='ltr' id='par_1_4' title="bbox 183 771 1511 1110">
     <span class='ocr_line' id='line_1_12' title="bbox 301 771 1510 821; baseline 0 -12"><span class='ocrx_word' id='word_1_74' title='bbox 301 772 435 810; x_wconf 88' lang='lat' dir='ltr'>Tertio</span> <span class='ocrx_word' id='word_1_75' title='bbox 471 773 555 809; x_wconf 91' lang='lat' dir='ltr'>loco</span> <span class='ocrx_word' id='word_1_76' title='bbox 594 771 698 810; x_wconf 86' lang='lat' dir='ltr'>edita</span> <span class='ocrx_word' id='word_1_77' title='bbox 739 775 831 810; x_wconf 90' lang='lat' dir='ltr'>sunt</span> <span class='ocrx_word' id='word_1_78' title='bbox 867 784 965 821; x_wconf 86' lang='lat' dir='ltr'>quae</span> <span class='ocrx_word' id='word_1_79' title='bbox 996 772 1138 811; x_wconf 90' lang='lat' dir='ltr'>Hamb.</span> <span class='ocrx_word' id='word_1_80' title='bbox 1175 773 1312 821; x_wconf 82' lang='lat' dir='ltr'>habet3</span> <span class='ocrx_word' id='word_1_81' title='bbox 1357 772 1510 820; x_wconf 88' lang='lat' dir='ltr'>punctis</span> 
     </span>
     <span class='ocr_line' id='line_1_13' title="bbox 183 830 1511 879; baseline 0 -12"><span class='ocrx_word' id='word_1_82' title='bbox 183 830 383 868; x_wconf 88' lang='lat' dir='ltr'>finiuntur.</span> <span class='ocrx_word' id='word_1_83' title='bbox 478 830 662 868; x_wconf 89' lang='lat' dir='ltr'>librarius</span> <span class='ocrx_word' id='word_1_84' title='bbox 712 831 796 879; x_wconf 88' lang='lat' dir='ltr'>ipse</span> <span class='ocrx_word' id='word_1_85' title='bbox 853 831 1213 879; x_wconf 85' lang='lat' dir='ltr'>supplementorum</span> <span class='ocrx_word' id='word_1_86' title='bbox 1261 830 1511 878; x_wconf 85' lang='lat' dir='ltr'>farraginem,</span> 
     </span>
     <span class='ocr_line' id='line_1_14' title="bbox 185 887 1509 936; baseline 0 -11"><span class='ocrx_word' id='word_1_87' title='bbox 185 900 301 936; x_wconf 88' lang='lat' dir='ltr'>quam</span> <span class='ocrx_word' id='word_1_88' title='bbox 337 888 492 926; x_wconf 84' lang='lat' dir='ltr'>novisse</span> <span class='ocrx_word' id='word_1_89' title='bbox 529 888 676 936; x_wconf 88' lang='lat' dir='ltr'>potuit,</span> <span class='ocrx_word' id='word_1_90' title='bbox 716 891 918 926; x_wconf 83' lang='lat' dir='ltr'>aversatus</span> <span class='ocrx_word' id='word_1_91' title='bbox 958 900 1042 926; x_wconf 87' lang='lat' dir='ltr'>esse</span> <span class='ocrx_word' id='word_1_92' title='bbox 1078 887 1248 926; x_wconf 88' lang='lat' dir='ltr'>videtur:</span> <span class='ocrx_word' id='word_1_93' title='bbox 1286 900 1422 925; x_wconf 84' lang='lat' dir='ltr'>versus</span> <span class='ocrx_word' id='word_1_94' title='bbox 1457 889 1509 926; x_wconf 86' lang='lat'>36</span> 
     </span>
     <span class='ocr_line' id='line_1_15' title="bbox 185 945 1511 995; baseline 0 -13"><span class='ocrx_word' id='word_1_95' title='bbox 185 945 234 983; x_wconf 92' lang='lat' dir='ltr'>ad</span> <span class='ocrx_word' id='word_1_96' title='bbox 259 948 315 984; x_wconf 84' lang='lat'>40</span> <span class='ocrx_word' id='word_1_97' title='bbox 341 945 576 984; x_wconf 81' lang='lat' dir='ltr'>rhetoricam</span> <span class='ocrx_word' id='word_1_98' title='bbox 601 946 748 984; x_wconf 81' lang='lat' dir='ltr'>habent</span> <span class='ocrx_word' id='word_1_99' title='bbox 779 946 1130 995; x_wconf 90' lang='lat' dir='ltr'>amplificationem,</span> <span class='ocrx_word' id='word_1_100' title='bbox 1157 946 1283 995; x_wconf 90' lang='lat' dir='ltr'>qualis</span> <span class='ocrx_word' id='word_1_101' title='bbox 1308 946 1350 983; x_wconf 88' lang='lat' dir='ltr'>in</span> <span class='ocrx_word' id='word_1_102' title='bbox 1374 945 1511 983; x_wconf 91' lang='lat' dir='ltr'>Heroi-</span> 
     </span>
     <span class='ocr_line' id='line_1_16' title="bbox 185 1003 1511 1054; baseline 0 -14"><span class='ocrx_word' id='word_1_103' title='bbox 185 1004 297 1041; x_wconf 82' lang='lat' dir='ltr'>dibus</span> <span class='ocrx_word' id='word_1_104' title='bbox 336 1006 375 1042; x_wconf 87' lang='lat' dir='ltr'>et</span> <span class='ocrx_word' id='word_1_105' title='bbox 405 1004 563 1042; x_wconf 86' lang='lat' dir='ltr'>Metam.</span> <span class='ocrx_word' id='word_1_106' title='bbox 596 1004 828 1042; x_wconf 84' lang='lat' dir='ltr'>dominatur.</span> <span class='ocrx_word' id='word_1_107' title='bbox 901 1004 1210 1054; x_wconf 86' lang='lat' dir='ltr'>Hamburgensis</span> <span class='ocrx_word' id='word_1_108' title='bbox 1248 1004 1346 1042; x_wconf 88' lang='lat' dir='ltr'>talia</span> <span class='ocrx_word' id='word_1_109' title='bbox 1382 1003 1511 1041; x_wconf 82' lang='lat' dir='ltr'>reddit</span> 
     </span>
     <span class='ocr_line' id='line_1_17' title="bbox 184 1061 833 1110; baseline 0.002 -11"><span class='ocrx_word' id='word_1_110' title='bbox 184 1061 245 1099; x_wconf 89' lang='lat' dir='ltr'>III</span> <span class='ocrx_word' id='word_1_111' title='bbox 276 1071 291 1099; x_wconf 97' lang='lat'>1</span> <span class='ocrx_word' id='word_1_112' title='bbox 326 1063 418 1110; x_wconf 84' lang='lat'>109,</span> <span class='ocrx_word' id='word_1_113' title='bbox 450 1062 532 1099; x_wconf 89' lang='lat' dir='ltr'>IIII</span> <span class='ocrx_word' id='word_1_114' title='bbox 563 1070 593 1099; x_wconf 87' lang='grc' dir='ltr'>Χ</span> <span class='ocrx_word' id='word_1_115' title='bbox 625 1063 696 1110; x_wconf 83' lang='lat'>21,</span> <span class='ocrx_word' id='word_1_116' title='bbox 729 1062 833 1100; x_wconf 87' lang='lat' dir='ltr'>alibi.</span> 
     </span>
    </p>

    <p class='ocr_par' dir='ltr' id='par_1_5' title="bbox 184 1119 1513 1679">
     <span class='ocr_line' id='line_1_18' title="bbox 300 1119 1511 1168; baseline 0 -12"><span class='ocrx_word' id='word_1_117' title='bbox 300 1119 459 1157; x_wconf 88' lang='lat' dir='ltr'>Lacuna</span> <span class='ocrx_word' id='word_1_118' title='bbox 490 1122 630 1168; x_wconf 88' lang='lat' dir='ltr'>quarta</span> <span class='ocrx_word' id='word_1_119' title='bbox 659 1132 738 1157; x_wconf 91' lang='lat' dir='ltr'>non</span> <span class='ocrx_word' id='word_1_120' title='bbox 769 1122 829 1158; x_wconf 89' lang='lat' dir='ltr'>est</span> <span class='ocrx_word' id='word_1_121' title='bbox 860 1120 995 1158; x_wconf 90' lang='lat' dir='ltr'>amissi</span> <span class='ocrx_word' id='word_1_122' title='bbox 1028 1120 1264 1168; x_wconf 85' lang='lat' dir='ltr'>pentametri</span> <span class='ocrx_word' id='word_1_123' title='bbox 1302 1121 1370 1157; x_wconf 88' lang='lat' dir='ltr'>aut</span> <span class='ocrx_word' id='word_1_124' title='bbox 1401 1119 1511 1157; x_wconf 91' lang='lat' dir='ltr'>disti-</span> 
     </span>
     <span class='ocr_line' id='line_1_19' title="bbox 185 1177 1511 1226; baseline 0 -12"><span class='ocrx_word' id='word_1_125' title='bbox 185 1177 257 1226; x_wconf 87' lang='lat' dir='ltr'>chi,</span> <span class='ocrx_word' id='word_1_126' title='bbox 284 1177 351 1214; x_wconf 91' lang='lat' dir='ltr'>sed</span> <span class='ocrx_word' id='word_1_127' title='bbox 371 1178 560 1215; x_wconf 86' lang='lat' dir='ltr'>sermonis</span> <span class='ocrx_word' id='word_1_128' title='bbox 579 1180 668 1226; x_wconf 91' lang='lat' dir='ltr'>post</span> <span class='ocrx_word' id='word_1_129' title='bbox 687 1189 844 1215; x_wconf 86' lang='lat' dir='ltr'>versum</span> <span class='ocrx_word' id='word_1_130' title='bbox 862 1178 973 1215; x_wconf 86' lang='lat' dir='ltr'>illum</span> <span class='ocrx_word' id='word_1_131' title='bbox 994 1177 1228 1215; x_wconf 87' lang='lat' dir='ltr'>dehiscentis</span> <span class='ocrx_word' id='word_1_132' title='bbox 1249 1177 1435 1220; x_wconf 81' lang='lat' dir='ltr'>defectus,</span> <span class='ocrx_word' id='word_1_133' title='bbox 1455 1177 1511 1214; x_wconf 87' lang='lat' dir='ltr'>in-</span> 
     </span>
     <span class='ocr_line' id='line_1_20' title="bbox 184 1235 1512 1284; baseline -0.001 -12"><span class='ocrx_word' id='word_1_134' title='bbox 184 1238 297 1284; x_wconf 84' lang='lat' dir='ltr'>tegra</span> <span class='ocrx_word' id='word_1_135' title='bbox 323 1235 371 1272; x_wconf 92' lang='lat' dir='ltr'>ab</span> <span class='ocrx_word' id='word_1_136' title='bbox 403 1238 568 1284; x_wconf 87' lang='lat' dir='ltr'>utraque</span> <span class='ocrx_word' id='word_1_137' title='bbox 594 1237 706 1283; x_wconf 88' lang='lat' dir='ltr'>parte</span> <span class='ocrx_word' id='word_1_138' title='bbox 731 1235 963 1284; x_wconf 87' lang='lat' dir='ltr'>paginarum</span> <span class='ocrx_word' id='word_1_139' title='bbox 989 1247 1182 1284; x_wconf 88' lang='lat' dir='ltr'>mensura,</span> <span class='ocrx_word' id='word_1_140' title='bbox 1206 1237 1252 1272; x_wconf 92' lang='lat' dir='ltr'>ut</span> <span class='ocrx_word' id='word_1_141' title='bbox 1277 1238 1345 1272; x_wconf 88' lang='lat' dir='ltr'>aut</span> <span class='ocrx_word' id='word_1_142' title='bbox 1368 1246 1512 1272; x_wconf 83' lang='lat' dir='ltr'>novum</span> 
     </span>
     <span class='ocr_line' id='line_1_21' title="bbox 186 1292 1509 1342; baseline -0.001 -12"><span class='ocrx_word' id='word_1_143' title='bbox 186 1305 342 1330; x_wconf 90' lang='lat' dir='ltr'>carmen</span> <span class='ocrx_word' id='word_1_144' title='bbox 361 1305 505 1341; x_wconf 83' lang='lat' dir='ltr'>magna</span> <span class='ocrx_word' id='word_1_145' title='bbox 524 1293 753 1330; x_wconf 74' lang='lat' dir='ltr'>elocutionis</span> <span class='ocrx_word' id='word_1_146' title='bbox 773 1293 1069 1342; x_wconf 84' lang='lat' dir='ltr'>importunitate</span> <span class='ocrx_word' id='word_1_147' title='bbox 1085 1293 1137 1330; x_wconf 90' lang='lat' dir='ltr'>sit</span> <span class='ocrx_word' id='word_1_148' title='bbox 1150 1293 1390 1341; x_wconf 87' lang='lat' dir='ltr'>ordiendum,</span> <span class='ocrx_word' id='word_1_149' title='bbox 1410 1292 1509 1341; x_wconf 88' lang='lat' dir='ltr'>quod</span> 
     </span>
     <span class='ocr_line' id='line_1_22' title="bbox 189 1345 1510 1401; baseline 0 -13"><span class='ocrx_word' id='word_1_150' title='bbox 189 1351 346 1400; x_wconf 89' lang='lat' dir='ltr'>quidam</span> <span class='ocrx_word' id='word_1_151' title='bbox 377 1351 565 1399; x_wconf 89' lang='lat' dir='ltr'>fecerunt,</span> <span class='ocrx_word' id='word_1_152' title='bbox 598 1353 667 1388; x_wconf 91' lang='lat' dir='ltr'>aut</span> <span class='ocrx_word' id='word_1_153' title='bbox 692 1351 855 1389; x_wconf 80' lang='lat' dir='ltr'>schedae</span> <span class='ocrx_word' id='word_1_154' title='bbox 881 1351 1007 1400; x_wconf 89' lang='lat' dir='ltr'>unius,</span> <span class='ocrx_word' id='word_1_155' title='bbox 1038 1351 1271 1401; x_wconf 84' lang='lat' dir='ltr'>paginarum</span> <span class='ocrx_word' id='word_1_156' title='bbox 1290 1347 1384 1401; x_wconf 83' lang='lat'>(52)</span> <span class='ocrx_word' id='word_1_157' title='bbox 1406 1345 1510 1400; x_wconf 63' lang='lat'>(53),</span> 
     </span>
     <span class='ocr_line' id='line_1_23' title="bbox 186 1407 1508 1458; baseline 0 -12"><span class='ocrx_word' id='word_1_158' title='bbox 186 1409 388 1458; x_wconf 82' lang='lat' dir='ltr'>archetypi</span> <span class='ocrx_word' id='word_1_159' title='bbox 426 1409 582 1448; x_wconf 86' lang='lat' dir='ltr'>amissio</span> <span class='ocrx_word' id='word_1_160' title='bbox 619 1408 876 1447; x_wconf 86' lang='lat' dir='ltr'>informanda.</span> <span class='ocrx_word' id='word_1_161' title='bbox 950 1408 1179 1447; x_wconf 82' lang='lat' dir='ltr'>crediderim</span> <span class='ocrx_word' id='word_1_162' title='bbox 1210 1408 1306 1446; x_wconf 85' lang='lat' dir='ltr'>duas</span> <span class='ocrx_word' id='word_1_163' title='bbox 1338 1408 1386 1445; x_wconf 90' lang='lat' dir='ltr'>ad</span> <span class='ocrx_word' id='word_1_164' title='bbox 1419 1407 1508 1446; x_wconf 87' lang='lat' dir='ltr'>Cas-</span> 
     </span>
     <span class='ocr_line' id='line_1_24' title="bbox 186 1466 1511 1516; baseline 0 -12"><span class='ocrx_word' id='word_1_165' title='bbox 186 1468 287 1504; x_wconf 90' lang='lat' dir='ltr'>sium</span> <span class='ocrx_word' id='word_1_166' title='bbox 319 1467 522 1515; x_wconf 84' lang='lat' dir='ltr'>Salanum,</span> <span class='ocrx_word' id='word_1_167' title='bbox 556 1467 621 1516; x_wconf 87' lang='lat' dir='ltr'>qui</span> <span class='ocrx_word' id='word_1_168' title='bbox 653 1469 712 1504; x_wconf 89' lang='lat' dir='ltr'>est</span> <span class='ocrx_word' id='word_1_169' title='bbox 745 1466 847 1515; x_wconf 90' lang='lat' dir='ltr'>apud</span> <span class='ocrx_word' id='word_1_170' title='bbox 878 1467 1048 1504; x_wconf 91' lang='lat' dir='ltr'>Plinium</span> <span class='ocrx_word' id='word_1_171' title='bbox 1079 1467 1128 1504; x_wconf 89' lang='lat' dir='ltr'>N.</span> <span class='ocrx_word' id='word_1_172' title='bbox 1159 1467 1196 1505; x_wconf 92' lang='lat' dir='ltr'>h.</span> <span class='ocrx_word' id='word_1_173' title='bbox 1228 1466 1419 1503; x_wconf 80' lang='lat' dir='ltr'>XXXIIII</span> <span class='ocrx_word' id='word_1_174' title='bbox 1445 1467 1511 1513; x_wconf 83' lang='lat'>47,</span> 
     </span>
     <span class='ocr_line' id='line_1_25' title="bbox 185 1524 1511 1574; baseline -0.001 -12"><span class='ocrx_word' id='word_1_175' title='bbox 185 1525 298 1563; x_wconf 89' lang='lat' dir='ltr'>datas</span> <span class='ocrx_word' id='word_1_176' title='bbox 342 1525 527 1573; x_wconf 85' lang='lat' dir='ltr'>epistolas</span> <span class='ocrx_word' id='word_1_177' title='bbox 573 1524 709 1562; x_wconf 89' lang='lat' dir='ltr'>eodem</span> <span class='ocrx_word' id='word_1_178' title='bbox 753 1525 882 1574; x_wconf 90' lang='lat' dir='ltr'>aliquo</span> <span class='ocrx_word' id='word_1_179' title='bbox 926 1524 1085 1563; x_wconf 88' lang='lat' dir='ltr'>consilio</span> <span class='ocrx_word' id='word_1_180' title='bbox 1130 1525 1392 1573; x_wconf 86' lang='lat' dir='ltr'>continuatas,</span> <span class='ocrx_word' id='word_1_181' title='bbox 1437 1537 1511 1573; x_wconf 87' lang='lat' dir='ltr'>quo</span> 
     </span>
     <span class='ocr_line' id='line_1_26' title="bbox 184 1581 1513 1631; baseline 0 -11"><span class='ocrx_word' id='word_1_182' title='bbox 184 1583 285 1621; x_wconf 89' lang='lat' dir='ltr'>libro</span> <span class='ocrx_word' id='word_1_183' title='bbox 316 1582 396 1620; x_wconf 82' lang='lat' dir='ltr'>IIII</span> <span class='ocrx_word' id='word_1_184' title='bbox 428 1581 477 1620; x_wconf 90' lang='lat' dir='ltr'>ad</span> <span class='ocrx_word' id='word_1_185' title='bbox 510 1582 595 1621; x_wconf 77' lang='lat' dir='ltr'>Sex.</span> <span class='ocrx_word' id='word_1_186' title='bbox 621 1582 851 1631; x_wconf 88' lang='lat' dir='ltr'>Pompeium</span> <span class='ocrx_word' id='word_1_187' title='bbox 870 1591 938 1620; x_wconf 92' lang='lat' dir='ltr'>IIII</span> <span class='ocrx_word' id='word_1_188' title='bbox 958 1585 998 1621; x_wconf 89' lang='lat' dir='ltr'>et</span> <span class='ocrx_word' id='word_1_189' title='bbox 1029 1592 1069 1631; x_wconf 91' lang='lat' dir='ltr'>V,</span> <span class='ocrx_word' id='word_1_190' title='bbox 1102 1582 1151 1620; x_wconf 87' lang='lat' dir='ltr'>ad</span> <span class='ocrx_word' id='word_1_191' title='bbox 1183 1583 1415 1621; x_wconf 86' lang='lat' dir='ltr'>Tuticanum</span> <span class='ocrx_word' id='word_1_192' title='bbox 1446 1591 1513 1620; x_wconf 84' lang='lat' dir='ltr'>XII</span> 
     </span>
     <span class='ocr_line' id='line_1_27' title="bbox 186 1640 700 1679; baseline 0 0"><span class='ocrx_word' id='word_1_193' title='bbox 186 1642 226 1679; x_wconf 92' lang='lat' dir='ltr'>et</span> <span class='ocrx_word' id='word_1_194' title='bbox 256 1649 359 1678; x_wconf 83' lang='lat' dir='ltr'>XIIII</span> <span class='ocrx_word' id='word_1_195' title='bbox 385 1641 513 1679; x_wconf 89' lang='lat' dir='ltr'>locum</span> <span class='ocrx_word' id='word_1_196' title='bbox 544 1640 700 1679; x_wconf 88' lang='lat' dir='ltr'>habent.</span> 
     </span>
    </p>

    <p class='ocr_par' dir='ltr' id='par_1_6' title="bbox 186 1698 1512 1864">
     <span class='ocr_line' id='line_1_28' title="bbox 304 1698 1512 1748; baseline -0.001 -12"><span class='ocrx_word' id='word_1_197' title='bbox 304 1698 448 1743; x_wconf 87' lang='lat' dir='ltr'>Quinto</span> <span class='ocrx_word' id='word_1_198' title='bbox 480 1699 521 1735; x_wconf 91' lang='lat' dir='ltr'>in</span> <span class='ocrx_word' id='word_1_199' title='bbox 550 1699 634 1736; x_wconf 88' lang='lat' dir='ltr'>loco</span> <span class='ocrx_word' id='word_1_200' title='bbox 666 1698 734 1747; x_wconf 90' lang='lat' dir='ltr'>qui</span> <span class='ocrx_word' id='word_1_201' title='bbox 758 1710 896 1737; x_wconf 85' lang='lat' dir='ltr'>versus</span> <span class='ocrx_word' id='word_1_202' title='bbox 923 1699 1033 1737; x_wconf 89' lang='lat' dir='ltr'>deest</span> <span class='ocrx_word' id='word_1_203' title='bbox 1057 1699 1097 1736; x_wconf 91' lang='lat' dir='ltr'>in</span> <span class='ocrx_word' id='word_1_204' title='bbox 1122 1698 1251 1737; x_wconf 90' lang='lat' dir='ltr'>codice</span> <span class='ocrx_word' id='word_1_205' title='bbox 1277 1698 1512 1748; x_wconf 86' lang='lat' dir='ltr'>Monacensi,</span> 
     </span>
     <span class='ocr_line' id='line_1_29' title="bbox 187 1756 1512 1806; baseline 0.001 -13"><span class='ocrx_word' id='word_1_206' title='bbox 187 1756 347 1794; x_wconf 86' lang='lat' dir='ltr'>dubium</span> <span class='ocrx_word' id='word_1_207' title='bbox 386 1757 451 1794; x_wconf 73' lang='lat' dir='ltr'>vix</span> <span class='ocrx_word' id='word_1_208' title='bbox 483 1758 558 1805; x_wconf 85' lang='lat' dir='ltr'>est,</span> <span class='ocrx_word' id='word_1_209' title='bbox 598 1757 690 1806; x_wconf 87' lang='lat' dir='ltr'>quin</span> <span class='ocrx_word' id='word_1_210' title='bbox 721 1757 840 1794; x_wconf 89' lang='lat' dir='ltr'>etiam</span> <span class='ocrx_word' id='word_1_211' title='bbox 871 1756 1015 1795; x_wconf 88' lang='lat' dir='ltr'>afuerit</span> <span class='ocrx_word' id='word_1_212' title='bbox 1045 1757 1336 1806; x_wconf 85' lang='lat' dir='ltr'>Hamburgensi</span> <span class='ocrx_word' id='word_1_213' title='bbox 1367 1759 1407 1795; x_wconf 89' lang='lat' dir='ltr'>et</span> <span class='ocrx_word' id='word_1_214' title='bbox 1438 1757 1512 1794; x_wconf 93' lang='lat' dir='ltr'>Ar-</span> 
     </span>
     <span class='ocr_line' id='line_1_30' title="bbox 186 1815 1476 1864; baseline 0 -12"><span class='ocrx_word' id='word_1_215' title='bbox 186 1815 469 1864; x_wconf 76' lang='lat' dir='ltr'>gentoratensi3</span> <span class='ocrx_word' id='word_1_216' title='bbox 502 1815 774 1863; x_wconf 87' lang='lat' dir='ltr'>supplementa</span> <span class='ocrx_word' id='word_1_217' title='bbox 806 1818 961 1853; x_wconf 87' lang='lat' dir='ltr'>servata</span> <span class='ocrx_word' id='word_1_218' title='bbox 993 1817 1085 1853; x_wconf 89' lang='lat' dir='ltr'>sunt</span> <span class='ocrx_word' id='word_1_219' title='bbox 1113 1815 1155 1852; x_wconf 89' lang='lat' dir='ltr'>in</span> <span class='ocrx_word' id='word_1_220' title='bbox 1186 1815 1476 1854; x_wconf 90' lang='lat' dir='ltr'>recentioribus.</span> 
     </span>
    </p>

    <p class='ocr_par' dir='ltr' id='par_1_7' title="bbox 186 1873 1515 2330">
     <span class='ocr_line' id='line_1_31' title="bbox 303 1873 1512 1922; baseline 0.001 -13"><span class='ocrx_word' id='word_1_221' title='bbox 303 1873 375 1910; x_wconf 91' lang='lat' dir='ltr'>His</span> <span class='ocrx_word' id='word_1_222' title='bbox 407 1873 529 1922; x_wconf 82' lang='lat' dir='ltr'>igitur</span> <span class='ocrx_word' id='word_1_223' title='bbox 555 1873 842 1911; x_wconf 87' lang='lat' dir='ltr'>discriminibus</span> <span class='ocrx_word' id='word_1_224' title='bbox 868 1873 1030 1921; x_wconf 89' lang='lat' dir='ltr'>partitio</span> <span class='ocrx_word' id='word_1_225' title='bbox 1055 1873 1227 1922; x_wconf 87' lang='lat' dir='ltr'>corporis</span> <span class='ocrx_word' id='word_1_226' title='bbox 1253 1873 1295 1910; x_wconf 86' lang='lat' dir='ltr'>in</span> <span class='ocrx_word' id='word_1_227' title='bbox 1321 1873 1512 1911; x_wconf 86' lang='lat' dir='ltr'>sectiones</span> 
     </span>
     <span class='ocr_line' id='line_1_32' title="bbox 188 1931 1512 1980; baseline -0.001 -11"><span class='ocrx_word' id='word_1_228' title='bbox 188 1931 371 1978; x_wconf 85' lang='lat' dir='ltr'>efficitur,</span> <span class='ocrx_word' id='word_1_229' title='bbox 403 1931 567 1980; x_wconf 88' lang='lat' dir='ltr'>primam</span> <span class='ocrx_word' id='word_1_230' title='bbox 599 1940 684 1980; x_wconf 90' lang='lat'>1111,</span> <span class='ocrx_word' id='word_1_231' title='bbox 723 1931 930 1969; x_wconf 82' lang='lat' dir='ltr'>secundam</span> <span class='ocrx_word' id='word_1_232' title='bbox 961 1940 1062 1980; x_wconf 92' lang='lat' dir='ltr'>XIII,</span> <span class='ocrx_word' id='word_1_233' title='bbox 1094 1931 1255 1969; x_wconf 82' lang='lat' dir='ltr'>tertiam</span> <span class='ocrx_word' id='word_1_234' title='bbox 1285 1939 1368 1980; x_wconf 91' lang='lat' dir='ltr'>XII,</span> <span class='ocrx_word' id='word_1_235' title='bbox 1398 1943 1512 1980; x_wconf 89' lang='lat' dir='ltr'>quar-</span> 
     </span>
     <span class='ocr_line' id='line_1_33' title="bbox 186 1989 1513 2039; baseline 0 -12"><span class='ocrx_word' id='word_1_236' title='bbox 186 1994 269 2027; x_wconf 87' lang='lat' dir='ltr'>tam</span> <span class='ocrx_word' id='word_1_237' title='bbox 295 1998 400 2037; x_wconf 86' lang='lat' dir='ltr'>XIII,</span> <span class='ocrx_word' id='word_1_238' title='bbox 433 1989 609 2038; x_wconf 83' lang='lat' dir='ltr'>quintam</span> <span class='ocrx_word' id='word_1_239' title='bbox 633 1998 745 2038; x_wconf 90' lang='lat' dir='ltr'>LVII,</span> <span class='ocrx_word' id='word_1_240' title='bbox 779 1992 929 2027; x_wconf 73' lang='lat' dir='ltr'>sextam</span> <span class='ocrx_word' id='word_1_241' title='bbox 948 1998 1093 2027; x_wconf 86' lang='lat' dir='ltr'>XXXVI</span> <span class='ocrx_word' id='word_1_242' title='bbox 1122 1990 1356 2039; x_wconf 85' lang='lat' dir='ltr'>paginarum</span> <span class='ocrx_word' id='word_1_243' title='bbox 1380 1990 1513 2027; x_wconf 87' lang='lat' dir='ltr'>arche-</span> 
     </span>
     <span class='ocr_line' id='line_1_34' title="bbox 187 2047 1513 2097; baseline -0.001 -12"><span class='ocrx_word' id='word_1_244' title='bbox 187 2047 289 2097; x_wconf 72' lang='lat' dir='ltr'>typi,</span> <span class='ocrx_word' id='word_1_245' title='bbox 334 2059 499 2096; x_wconf 76' lang='lat' dir='ltr'>quarum</span> <span class='ocrx_word' id='word_1_246' title='bbox 541 2047 654 2085; x_wconf 88' lang='lat' dir='ltr'>unius</span> <span class='ocrx_word' id='word_1_247' title='bbox 698 2047 883 2097; x_wconf 88' lang='lat' dir='ltr'>cuiusque</span> <span class='ocrx_word' id='word_1_248' title='bbox 926 2047 1045 2095; x_wconf 89' lang='lat' dir='ltr'>idem,</span> <span class='ocrx_word' id='word_1_249' title='bbox 1090 2048 1156 2096; x_wconf 89' lang='lat' dir='ltr'>qui</span> <span class='ocrx_word' id='word_1_250' title='bbox 1197 2047 1239 2085; x_wconf 88' lang='lat' dir='ltr'>in</span> <span class='ocrx_word' id='word_1_251' title='bbox 1274 2047 1384 2085; x_wconf 88' lang='lat' dir='ltr'>Ibide</span> <span class='ocrx_word' id='word_1_252' title='bbox 1426 2047 1513 2096; x_wconf 81' lang='lat' dir='ltr'>fuit,</span> 
     </span>
     <span class='ocr_line' id='line_1_35' title="bbox 187 2105 1514 2154; baseline 0.001 -12"><span class='ocrx_word' id='word_1_253' title='bbox 187 2106 325 2143; x_wconf 89' lang='lat' dir='ltr'>modus</span> <span class='ocrx_word' id='word_1_254' title='bbox 357 2105 596 2154; x_wconf 88' lang='lat' dir='ltr'>perquisitus</span> <span class='ocrx_word' id='word_1_255' title='bbox 632 2106 860 2143; x_wconf 89' lang='lat' dir='ltr'>lacunarum</span> <span class='ocrx_word' id='word_1_256' title='bbox 897 2107 936 2143; x_wconf 90' lang='lat' dir='ltr'>et</span> <span class='ocrx_word' id='word_1_257' title='bbox 973 2105 1333 2154; x_wconf 86' lang='lat' dir='ltr'>supplementorum</span> <span class='ocrx_word' id='word_1_258' title='bbox 1365 2105 1514 2154; x_wconf 88' lang='lat' dir='ltr'>aliquot</span> 
     </span>
     <span class='ocr_line' id='line_1_36' title="bbox 187 2164 1513 2213; baseline 0 -12"><span class='ocrx_word' id='word_1_259' title='bbox 187 2166 393 2212; x_wconf 87' lang='lat' dir='ltr'>praeterea</span> <span class='ocrx_word' id='word_1_260' title='bbox 430 2164 599 2213; x_wconf 77' lang='lat' dir='ltr'>vestigia</span> <span class='ocrx_word' id='word_1_261' title='bbox 635 2164 825 2213; x_wconf 85' lang='lat' dir='ltr'>proferre,</span> <span class='ocrx_word' id='word_1_262' title='bbox 863 2166 948 2202; x_wconf 91' lang='lat' dir='ltr'>tum</span> <span class='ocrx_word' id='word_1_263' title='bbox 984 2164 1298 2213; x_wconf 87' lang='lat' dir='ltr'>interpolationis</span> <span class='ocrx_word' id='word_1_264' title='bbox 1335 2166 1513 2202; x_wconf 81' lang='lat' dir='ltr'>vetustae</span> 
     </span>
     <span class='ocr_line' id='line_1_37' title="bbox 189 2222 1514 2272; baseline -0.001 -13"><span class='ocrx_word' id='word_1_265' title='bbox 189 2224 257 2259; x_wconf 88' lang='lat' dir='ltr'>aut</span> <span class='ocrx_word' id='word_1_266' title='bbox 288 2222 454 2260; x_wconf 84' lang='lat' dir='ltr'>recentis</span> <span class='ocrx_word' id='word_1_267' title='bbox 480 2222 646 2260; x_wconf 89' lang='lat' dir='ltr'>limitem</span> <span class='ocrx_word' id='word_1_268' title='bbox 671 2223 874 2260; x_wconf 91' lang='lat' dir='ltr'>ostendere</span> <span class='ocrx_word' id='word_1_269' title='bbox 899 2222 961 2260; x_wconf 88' lang='lat' dir='ltr'>hic</span> <span class='ocrx_word' id='word_1_270' title='bbox 987 2235 1138 2272; x_wconf 88' lang='lat' dir='ltr'>quoque</span> <span class='ocrx_word' id='word_1_271' title='bbox 1164 2222 1322 2271; x_wconf 86' lang='lat' dir='ltr'>poterit.</span> <span class='ocrx_word' id='word_1_272' title='bbox 1387 2222 1514 2260; x_wconf 87' lang='lat' dir='ltr'>titulis</span> 
     </span>
     <span class='ocr_line' id='line_1_38' title="bbox 188 2280 1515 2330; baseline 0 -13"><span class='ocrx_word' id='word_1_273' title='bbox 188 2280 395 2330; x_wconf 88' lang='lat' dir='ltr'>librorum,</span> <span class='ocrx_word' id='word_1_274' title='bbox 440 2280 670 2330; x_wconf 85' lang='lat' dir='ltr'>ubicumque</span> <span class='ocrx_word' id='word_1_275' title='bbox 713 2281 831 2330; x_wconf 89' lang='lat' dir='ltr'>positi</span> <span class='ocrx_word' id='word_1_276' title='bbox 879 2281 1055 2328; x_wconf 84' lang='lat' dir='ltr'>fuerunt,</span> <span class='ocrx_word' id='word_1_277' title='bbox 1107 2281 1287 2318; x_wconf 86' lang='lat' dir='ltr'>binorum</span> <span class='ocrx_word' id='word_1_278' title='bbox 1330 2292 1515 2318; x_wconf 85' lang='lat' dir='ltr'>versuum</span> 
     </span>
    </p>
   </div>
  </div>
 </body>
</html>
