1575 2489
165 99 250 139 238
701 100 954 132 FASTORUM

281 206 339 246 Tu
371 208 474 256 rapis
493 237 503 256 ‚
534 206 597 243 hic
629 211 752 244 castas
784 206 882 244 duce
914 218 954 244 se
986 205 1094 245 iubet
1125 218 1210 245 esse
1242 208 1420 246 maritas:

197 273 262 303 140
341 264 400 301 Tu
432 265 573 313 recipis
606 263 692 301 luco
712 294 722 314 ,
754 263 924 313 reppulit
954 263 1016 302 ille
1049 264 1178 303 nefas.

283 321 346 359 Vis
378 320 448 359 tibi
479 326 585 370 grata
617 321 720 358 fuit:
761 320 902 358 florent
934 320 1006 359 sub
1039 321 1200 360 Caesare
1231 321 1357 372 leges.

341 378 400 416 Tu
432 377 577 416 domini
608 389 748 416 nomen
767 408 778 429 ‚
809 379 996 429 principis
1026 378 1091 417 ille
1122 385 1250 418 tenet.

282 436 335 474 Te
367 435 511 473 Remus
542 437 718 474 incusat:
762 437 911 474 veniam
943 436 1048 474 dedit
1078 436 1255 475 hostibus
1285 436 1371 475 ille.

341 492 552 531 Caelestem
584 493 676 531 fecit
707 498 744 531 te
775 498 885 543 pater
904 524 915 544 ‚
945 493 1007 531 ille
1039 500 1210 544 patrem.

196 559 260 590 145
281 551 360 589 Iam
390 562 489 601 puer
519 550 656 589 Idaeus
689 550 814 588 media
844 556 959 589 tenus
991 553 1135 590 eminet
1166 551 1272 603 alvo,

340 608 389 646 Et
418 608 582 658 liquidas
615 609 733 646 mixto
765 613 921 647 nectare
953 609 1080 647 fundit
1110 621 1252 659 aquas.

280 666 339 704 En
371 668 484 704 etiam
503 697 513 717 ⁷
546 667 667 716 siquis
699 665 845 704 borean
876 665 1036 704 horrere
1069 667 1240 716 solebat,

341 723 541 762 Gaudeat:
586 735 606 761 a
637 723 816 774 zephyris
847 723 998 762 mollior
1029 736 1122 762 aura
1153 726 1278 763 venit.

306 813 342 854 6.
373 812 459 854 EN
521 813 556 854 7.
588 812 672 854 FN
731 814 768 855 8.
802 812 888 855 GN
948 813 985 854 9.
1016 813 1108 855 HN
1171 814 1235 855 10.
1266 812 1356 855 AN

281 896 449 941 Quintus
481 895 527 934 ab
560 898 763 946 aequoreis
795 897 961 935 nitidum
991 896 1103 935 iubar
1135 896 1272 935 extulit
1303 897 1417 936 undis

197 962 261 992 150
339 953 524 1005 Lucifer,
557 960 596 992 et
626 955 742 1004 primi
773 960 947 1005 tempora
978 956 1079 993 verIs
1112 961 1226 993 eunt.

280 1011 336 1049 Ne
368 1011 498 1049 fallare
531 1018 658 1049 tamen
677 1042 688 1062 ‚
720 1018 869 1050 restant
900 1012 970 1051 tibi
1002 1012 1167 1063 frigora,
1200 1017 1370 1063 restant3

339 1068 551 1119 Magnaque
583 1069 786 1107 discedens
818 1071 926 1120 signa
956 1069 1114 1120 reliquit
1143 1070 1288 1108 hiems.

620 1159 684 1199 11.
715 1157 800 1198 BN
864 1159 928 1199 12.
960 1157 1041 1199 CN

281 1241 413 1280 Tertia
444 1253 519 1279 nox
551 1242 706 1292 veniat,
739 1240 948 1279 Custodem
983 1242 1161 1292 protinus
1192 1241 1312 1280 Ursae

338 1300 513 1350 Aspicies
544 1300 719 1349 geminos
751 1300 949 1337 exeruisse
980 1299 1121 1349 pedes.

198 1365 262 1396 155
283 1357 389 1395 luter
420 1357 694 1407 hamadryadas
726 1356 1067 1407 iaculatricemque
1098 1356 1256 1395 Dianam

341 1414 496 1453 Callisto
530 1416 630 1452 sacri
660 1426 750 1465 pars
782 1415 855 1453 fuit
886 1426 961 1453 una
994 1414 1124 1453 chori.

280 1472 348 1510 llla
379 1473 470 1511 deae
503 1478 665 1523 tangens
697 1484 810 1511 arcus
843 1470 961 1522 ‘quos
992 1474 1184 1522 tangimus
1217 1484 1353 1524 arcus,

340 1530 432 1568 Este
465 1542 572 1568 meae
604 1535 723 1568 testes
754 1527 1005 1580 virginitatis'
1039 1531 1112 1568 ait.

282 1587 444 1638 Cynthia
475 1587 671 1639 laudavit,
705 1585 1014 1638 ‘promissa'que
1047 1584 1223 1626 ‘foedera
1256 1599 1387 1640 serva,

198 1654 261 1685 160
339 1645 389 1683 Et
420 1646 604 1683 comitum
636 1646 818 1696 princeps
850 1651 892 1684 tu
923 1642 1037 1683 mihi'
1070 1645 1166 1683 dixit
1197 1642 1339 1684 ‘erisf

282 1703 454 1741 Foedera
487 1709 707 1751 servasset,
740 1706 769 1741 si
802 1715 880 1741 non
913 1703 1080 1741 formosa
1112 1703 1271 1742 fuisset.

340 1760 448 1798 Cavit
478 1760 690 1811 mortales,
722 1761 768 1799 de
800 1760 887 1799 Iove
921 1762 1068 1799 crimen
1099 1760 1236 1799 habet.

281 1819 382 1857 Mille
415 1819 516 1856 feras
547 1817 702 1856 Phoebe
734 1819 839 1857 silvis
870 1824 1006 1857 venata
1036 1817 1183 1857 redibat

339 1877 416 1914 Aut
446 1876 534 1927 plus
565 1882 631 1914 aut
661 1876 831 1915 medium
864 1876 942 1914 sole
975 1881 1131 1914 tenente
1164 1875 1288 1914 diem.

197 1943 260 1973 165
282 1934 331 1972 Ut
362 1936 489 1984 tetigit
519 1933 649 1972 lucum
668 1965 679 1985 ‚
712 1956 754 1961 —
787 1935 905 1973 densa
936 1935 1046 1984 niger
1076 1934 1163 1972 ilice
1195 1933 1329 1984 lucus,

341 1991 382 2030 In
414 1991 541 2030 medio
574 1992 721 2042 gelidae
753 1993 839 2030 fons
872 1997 955 2030 erat
985 1991 1084 2030 altus
1116 2003 1236 2041 aquae
1270 2013 1312 2018 —

283 2046 404 2087 ‘Hac’
438 2051 490 2087 ait
522 2046 581 2087 ‘in
614 2049 734 2100 silva,
767 2052 873 2100 virgo
905 2049 1077 2100 Tegeaea
1101 2080 1112 2100 ‚
1143 2046 1357 2087 lavemurl'

340 2107 509 2146 Erubuit
540 2107 634 2145 falso
666 2109 825 2158 virginis
856 2107 918 2145 illa
950 2119 1067 2145 sono,

282 2165 438 2203 Dixerat
470 2170 508 2203 et
539 2165 717 2216 nymphis
738 2195 747 2204 .
801 2164 990 2216 nymphae
1021 2164 1207 2203 velamina
1238 2172 1410 2216 ponunt,

196 2230 261 2261 170
340 2222 447 2261 Hanc
478 2223 627 2275 pudet,
660 2229 698 2262 et
728 2223 858 2262 tardae
891 2223 954 2261 dat
986 2223 1081 2260 mala
1114 2224 1220 2272 signa
1252 2234 1403 2261 morae.

281 2280 452 2319 Exuerat
483 2282 635 2319 tunicas
653 2311 665 2333 ‚
697 2283 800 2320 uteri
831 2280 1032 2320 manifesta
1062 2286 1215 2319 tumore
