1575 2489
213 95 295 135 168
750 94 814 126 EX
837 94 993 127 PONTo

328 203 486 242 Aemula
518 201 734 252 Penelopes
766 202 909 253 fieres,
941 203 973 240 si
1005 201 1139 240 fraude
1172 201 1312 252 pudica

385 261 569 299 Instantis
601 259 719 298 velles
752 259 883 298 fallere
916 265 1035 311 nupta
1067 271 1229 310 procOS.

329 318 389 368 [Si
421 330 551 356 comes
584 319 744 356 extincti
775 329 907 356 manes
939 329 1149 368 sequerere
1181 318 1331 370 mariti,

242 385 306 415 110
385 376 500 414 Esset
531 376 609 414 dux
641 376 732 414 facti
763 375 966 414 Laodamia
998 378 1076 414 tui.

328 434 455 485 Iphias
488 440 575 472 ante
608 434 741 472 oculos
774 433 845 472 tibi
877 439 959 472 erat
989 433 1197 485 ponenda,
1228 432 1372 472 volenti

386 492 536 542 Corpus
567 493 606 530 in
639 503 823 531 accensos
854 493 1009 530 mittere
1041 493 1141 530 sorte
1173 503 1289 542 rogos
1303 490 1328 540 .]

327 550 451 588 Morte
484 550 579 588 nihil
612 562 709 601 opus
742 555 829 602 est,
861 549 956 588 nihil
987 548 1191 588 Icariotide
1224 549 1321 587 tela.

387 608 561 647 Caesaris
595 614 653 646 est
685 610 853 646 coniunx
885 620 951 646 ore
983 607 1177 659 precanda
1207 612 1299 658 ῑιιο,

242 675 306 705 115
330 666 453 716 [Quae
486 671 657 717 praestat
689 667 830 705 virtute
864 678 932 704 sua
951 697 962 717 ,
993 678 1041 704 ne
1074 666 1201 716 prisca
1233 669 1404 703 vetustas

384 724 515 763 Laude
547 724 755 775 pudicitiae
789 723 942 762 saecula
973 728 1106 761 nostra
1137 728 1309 774 premat.

328 783 434 827 Quae
466 782 628 821 Veneris
660 783 822 820 sormam
842 813 853 834 ,
883 794 1013 820 mores
1044 781 1204 820 Iunonis
1235 779 1412 819 habendo

388 841 476 879 Sola
509 846 567 879 est
600 840 757 879 caelesti
789 840 902 890 digna
935 845 1091 890 reperta
1122 845 1208 878 toro
1225 838 1252 888 .]

329 899 429 944 Quid
462 898 634 950 trepidas
667 904 705 937 et
731 898 836 936 adire
869 900 983 936 times
1002 896 1023 936 ἶ)
1055 910 1133 936 non
1164 898 1282 947 impia
1308 896 1459 935 Procne
1483 904 1538 937 (⁷⁷)

244 965 308 996 120
387 956 529 995 Filiave
562 958 702 995 Aeetae
734 969 826 995 voce
859 956 1048 994 movenda
1080 961 1146 994 tua
1178 961 1261 1006 est3

329 1015 410 1054 Nec
443 1027 566 1054 nurus
597 1015 789 1067 Aegypti,
828 1027 900 1053 nec
939 1026 1051 1053 saeva
1082 1014 1380 1064 Agamemnonis
1419 1025 1538 1067 uxor,

390 1073 622 1124 Scyllaque,
656 1085 754 1123 quae
788 1073 936 1111 Siculas
968 1073 1127 1122 inguine
1159 1077 1282 1110 terret
1313 1083 1453 1123 aquas;

330 1131 562 1181 Telegonive
594 1143 736 1181 parens
768 1130 965 1169 vertendis
997 1136 1085 1168 nata
1115 1130 1274 1180 figuris,

388 1189 571 1239 Nexaque
603 1188 770 1226 nodosas
802 1200 926 1238 angue
959 1187 1118 1226 Medusa
1150 1199 1302 1226 comas:

248 1255 309 1286 125
332 1247 493 1285 Femina
526 1247 593 1285 sed
624 1248 808 1297 princeps
827 1277 837 1297 ,
869 1248 909 1285 in
942 1258 1016 1296 qua
1049 1246 1203 1284 fortuna
1234 1245 1367 1284 videre

391 1305 439 1344 Se
473 1305 612 1356 probat
644 1310 682 1343 et
714 1317 849 1343 caecae
882 1306 1043 1342 crimina
1076 1304 1168 1342 salsa
1200 1303 1294 1342 luit:

331 1364 414 1409 Qua
446 1363 541 1402 nihil
573 1365 612 1402 in
645 1365 761 1402 terris
794 1363 840 1401 ad
873 1363 988 1400 finem
1022 1362 1113 1400 solis
1146 1361 1191 1400 ab
1225 1366 1314 1400 ortu

388 1422 538 1460 Clarius
557 1452 568 1472 ,
601 1427 762 1472 excepto
795 1421 957 1459 Caesare
978 1452 988 1472 ,
1020 1420 1188 1459 mundus
1220 1419 1359 1458 habet.

331 1480 472 1530 Eligito
505 1485 660 1531 tempus
693 1485 886 1530 captatum
919 1491 1032 1529 saepe
1065 1477 1249 1529 rogandi,

245 1547 310 1578 130
389 1538 510 1577 Exeat
541 1538 700 1576 adversa
732 1549 780 1576 ne
812 1544 878 1576 tua
910 1539 1017 1575 navis
1049 1549 1169 1587 aqua.

329 1596 415 1634 Non
448 1608 603 1647 semper
636 1607 764 1634 sacras
796 1595 965 1634 reddunt
997 1595 1153 1633 oracula
1185 1595 1324 1645 sortis,

389 1654 553 1705 lpsaque
586 1666 663 1692 non
695 1655 799 1692 omni
832 1660 1007 1703 tempore
1040 1653 1127 1691 fana
1157 1657 1313 1704 patent.

332 1713 428 1752 Cum
461 1718 583 1751 status
615 1711 732 1751 Urbis
765 1713 868 1763 erit,
909 1711 1061 1761 qualem
1093 1723 1198 1749 nunc
1231 1722 1401 1761 auguror
1433 1721 1539 1762 esse,

390 1770 439 1809 Et
471 1770 599 1809 nullus
631 1770 763 1821 populi
796 1769 1000 1809 contrahet
1032 1781 1098 1807 ora
1130 1769 1262 1807 dolor:

246 1837 311 1868 135
334 1829 430 1868 Cum
463 1828 600 1867 domus
632 1829 825 1880 Augusti,
859 1827 1020 1879 Capitoli
1052 1839 1161 1866 more
1193 1827 1375 1878 colenda,

391 1887 507 1926 Laeta
526 1918 536 1938 ,
568 1887 670 1937 quod
704 1893 763 1925 est
795 1892 833 1925 et
866 1888 943 1937 sit,
974 1886 1164 1937 plenaque
1196 1887 1301 1937 pacis
1333 1887 1431 1924 erit:

332 1946 432 1984 Tum
464 1944 563 1996 tibi,
595 1945 634 1983 di
666 1945 835 1996 faciant,
867 1944 1035 1983 adeundi
1066 1945 1175 1995 copia
1207 1944 1294 1995 fiat,

391 2002 619 2042 Profectura
651 2003 795 2054 aliquid
828 2009 911 2041 tum
943 2008 1008 2040 tua
1039 2001 1156 2040 verba
1187 2008 1323 2053 putes.

333 2061 468 2112 Siquid
502 2067 588 2112 aget
620 2063 742 2100 maius
762 2092 772 2112 ,
805 2061 916 2099 differ
947 2066 1013 2099 tua
1045 2065 1208 2111 coepta.
1266 2071 1434 2110 caveque

246 2128 312 2159 140
393 2119 510 2170 Spem
542 2119 759 2158 festinando
792 2120 1048 2169 praecipitare
1079 2130 1227 2156 meam.

332 2178 412 2217 Nec
445 2189 582 2216 rursus
614 2177 730 2216 iubeo
752 2209 762 2229 ,
789 2177 880 2216 dum
913 2178 962 2215 sit
987 2178 1216 2215 vacuissima
1238 2207 1248 2228 ,
1276 2188 1459 2227 quaeras:
1485 2181 1538 2216 (⁷8)

392 2236 576 2288 Corporis
609 2236 655 2274 ad
689 2247 822 2274 curam
853 2237 914 2273 vix
946 2240 1055 2273 vacat
1085 2234 1148 2273 illa
1181 2236 1262 2273 sui.

334 2293 468 2344 [Curia
500 2306 588 2333 cum
620 2293 796 2345 patribus
828 2294 946 2332 suerit
977 2295 1115 2343 stipata
1148 2293 1349 2344 verendis,
