1575 2489
173 42 256 84 328
711 45 962 77 FASTORL‘M

348 151 522 190 Caesaris
553 151 743 190 Ausoniae
776 156 1076 202 protegerentur
1107 163 1223 202 opeS.

290 209 357 247 Ille
389 215 499 247 notas
531 214 682 247 veteres
714 214 753 247 et
783 209 887 259 longi
918 209 1086 248 dedecus
1118 211 1201 248 aevi

204 275 270 306 590
314 265 320 272 '
351 266 543 305 Sustulit.
599 272 792 317 agnorunt
823 269 930 317 signa
961 272 1117 318 recepta
1149 279 1261 306 suos.

292 324 392 370 Quid
424 323 494 362 tibi
525 335 629 362 nunc
663 323 795 362 solitae
827 326 929 363 mitti
959 331 1047 375 post
1080 331 1185 376 terga
1217 326 1401 376 sagittae,

349 381 448 427 Quid
479 381 589 432 loca,
622 381 713 432 quid
745 382 870 433 rapidi
901 383 1048 433 profuit
1078 394 1173 421 usus
1206 384 1318 433 equi,

290 439 431 478 Parthe
451 436 472 477 ἶ)
515 439 639 477 refers
671 440 847 492 aquilas,
878 441 1000 479 victos
1033 452 1185 492 quoque
1218 442 1385 492 porrigis

1009 510 1144 537 arcus:

347 555 513 605 Pignora
545 556 620 594 iam
652 557 776 594 nostri
808 555 911 594 nulla
941 556 1101 607 pudoris
1132 556 1275 595 habes.

202 622 267 652 595
288 612 374 652 Rite
407 613 478 651 deo
511 613 775 665 templumque
809 613 940 652 datum
972 626 1190 665 nomenque
1221 614 1281 653 bis
1312 613 1418 663 ulto,

348 671 396 709 Et
427 673 590 710 meritus
622 674 700 710 voti
732 671 860 710 debita
892 671 1004 710 solvit
1033 672 1179 711 honor.

292 729 506 768 Sollemnes
537 728 650 767 ludos
683 729 794 768 Circo
827 729 1019 768 celebrate
1038 761 1049 781 ‚
1082 729 1275 775 Quirites!

347 787 432 825 Non
464 788 543 825 visa
576 793 632 826 est
666 789 806 826 fortem
839 799 977 826 scaena
1008 788 1147 826 decere
1180 788 1317 826 deum.

662 879 723 918 13.
754 878 790 918 E
818 877 1021 918 LEM-N

290 960 440 999 Pliadas
473 962 636 1012 aspicies
669 973 802 1000 omnes
833 967 1036 1013 totumque
1069 974 1247 1001 sororum

204 1027 269 1058 600
348 1019 494 1069 Agmen
514 1049 524 1069 ,
556 1018 624 1057 ubi
656 1025 742 1057 ante
775 1019 865 1058 Idus
897 1032 972 1057 nox
1005 1021 1079 1058 erit
1109 1032 1185 1058 una
1217 1032 1354 1070 super.

291 1075 389 1114 Tum
421 1076 514 1114 mihi
546 1088 624 1114 non
657 1076 783 1115 dubiis
816 1076 1041 1115 auctoribus
1073 1079 1209 1127 incipit
1241 1083 1388 1128 aestas,

348 1133 396 1172 Et
427 1133 547 1184 tepidi
578 1135 694 1173 finem
725 1140 901 1185 tempora
931 1136 1034 1173 veris
1065 1134 1231 1173 habent.

755 1226 818 1266 14.
848 1224 922 1267 FC

292 1307 423 1346 Idibus
456 1320 522 1346 ora
554 1310 662 1359 prior
695 1308 883 1347 stellantia
916 1308 1051 1347 tollere
1084 1308 1254 1347 Taurum

349 1365 523 1405 Iudicat.
581 1366 671 1405 huic
704 1368 812 1417 signo
845 1366 972 1405 fabula
1004 1372 1092 1405 nota
1125 1366 1280 1405 subest.

205 1433 271 1463 605
292 1424 505 1475 Praebuit,
537 1430 580 1463 ut
612 1431 745 1464 taurus
764 1456 775 1476 ‚
807 1425 944 1476 TyrIae
978 1437 1046 1463 sua
1078 1431 1184 1475 terga
1216 1423 1365 1475 puellae

350 1482 553 1534 Iuppiter,
587 1488 624 1521 et
656 1483 747 1521 falsa
781 1495 926 1521 cornua
959 1483 1085 1522 fronte
1118 1482 1230 1521 tulit.

292 1540 358 1579 Illa
390 1540 520 1579 iubam
552 1540 686 1579 dextra
706 1572 716 1592 ,
748 1541 853 1579 laeva
884 1540 1076 1579 retinebat
1108 1542 1293 1591 amictus,

350 1597 398 1636 Et
430 1600 546 1636 timor
577 1600 660 1649 ipse
692 1600 781 1636 novi
813 1611 927 1637 causa
959 1599 1110 1637 decoris
1143 1603 1247 1636 erat.

293 1656 394 1694 Aura
427 1657 535 1695 sinus
566 1656 728 1707 implet,
760 1656 877 1694 ssavos
909 1663 1035 1695 movet
1068 1668 1160 1695 aura
1193 1655 1372 1706 capillos:

205 1722 272 1753 610
353 1713 516 1765 Sidoni,
549 1715 604 1753 sic
636 1715 765 1753 fueras
797 1714 1017 1765 aspicienda
1048 1713 1149 1752 Iovi.

293 1771 416 1822 Saepe
447 1771 640 1823 puellares
673 1772 857 1811 subduxit
889 1772 934 1810 ab
967 1784 1135 1823 aequore
1166 1771 1338 1823 plantas,

350 1829 398 1868 Et
430 1832 568 1869 metuit
600 1836 725 1869 tactus
758 1830 963 1869 assilientis
996 1842 1139 1881 aquae:

293 1887 414 1938 Saepe
447 1888 543 1927 deus
574 1889 746 1939 prudens
779 1894 932 1939 tergum
963 1889 1118 1927 demisit
1147 1889 1187 1926 in
1219 1887 1364 1939 undas,
1426 1894 1499 1927 (185)

349 1946 515 1985 Haereat
547 1952 590 1985 ut
622 1946 718 1985 collo
751 1947 890 1985 fortius
921 1946 984 1985 illa
1015 1958 1109 1985 suo,

206 2012 271 2042 615
292 2003 490 2043 Litoribus
521 2006 634 2043 tactis
667 2004 792 2043 stabat
823 2007 906 2043 sine
938 2004 1122 2043 cornibus
1154 2003 1243 2042 ullis

349 2062 552 2115 Iuppiter,
585 2065 702 2114 inque
735 2063 850 2102 deum
882 2063 928 2101 de
961 2062 1057 2101 bove
1091 2074 1226 2100 versus
1258 2066 1360 2100 erat.

293 2120 444 2159 Taurus
476 2123 548 2159 init
580 2121 757 2160 caelum:
800 2128 837 2160 te
857 2152 868 2173 ,
901 2120 1063 2172 Sidoni,
1094 2120 1268 2171 Iuppiter
1299 2118 1455 2171 implet,

350 2178 523 2230 Parsque
556 2186 666 2218 tuum
698 2185 824 2217 terrae
857 2180 970 2218 tertia
1003 2190 1143 2217 nomen
1176 2177 1314 2217 habet.

292 2235 374 2275 Hoc
406 2237 469 2275 alii
501 2239 652 2289 signum
686 2236 863 2276 Phariam
895 2237 1025 2276 dixere
1057 2238 1282 2288 iuvencam,
