1575 2489
208 84 292 124 120·
748 83 812 115 EX
836 82 993 115 PONTo

383 193 510 231 Paene
543 193 658 230 etiam
691 192 830 229 merito
862 191 1017 240 parcior
1047 190 1105 228 ira
1135 201 1221 227 meo
1254 194 1335 227 est.

326 251 372 289 Di
404 251 546 288 faciant
576 250 724 299 igitur,
758 260 925 299 quorum
956 249 1194 287 iustissimus
1225 249 1309 298 ipse
1342 252 1425 298 est,

241 318 306 348 100
385 308 492 346 Alma
524 307 619 345 nihil
652 308 776 345 maius
809 306 971 345 Caesare
1003 312 1108 344 terra
1140 306 1260 344 ferat:

332 365 475 416 [thue
508 365 575 404 diu
608 365 680 403 sub
713 377 757 403 eo
791 366 846 403 sic
879 366 929 403 sit
960 364 1032 402 sub
1065 363 1229 402 Caesare
1260 368 1389 414 terra,

387 424 539 474 Perque
572 435 709 461 manus
742 423 858 461 huius
891 423 1031 461 tradita
1063 423 1188 473 gentis
1222 426 1282 459 eat
1297 420 1323 470 .]

329 482 377 520 At
415 488 456 520 tu
494 488 572 520 tam
609 481 788 532 placido,
829 493 944 531 quam
981 492 1051 519 nos
1090 491 1245 531 quoque
1283 480 1478 517 sensimus

1054 538 1185 589 illum,
1504 545 1544 577 (9)

388 598 520 638 Iudice
552 611 622 650 pro
655 598 824 637 lacrimis
856 609 923 636 ora
955 596 1105 636 resolve
1137 597 1261 634 meis.

246 666 309 696 105
331 657 416 695 Non
449 658 594 708 petitO,
626 662 670 695 ut
701 656 799 695 bene
832 657 909 706 sit3
942 655 1010 694 sed
1038 656 1095 694 uti
1121 654 1218 692 male
1244 655 1391 705 tutius,
1422 658 1542 704 utque

390 715 557 753 Exilium
590 727 702 753 saevo
736 715 853 752 distet
885 713 930 752 ab
962 713 1073 751 hoste
1105 724 1258 751 meum:

332 773 532 824 Quamque
565 773 706 811 dedere
740 772 833 810 mihi
863 772 1083 823 praesentia
1114 772 1273 809 numina
1304 771 1443 820 vitam,

390 831 476 870 Non
508 831 649 869 adimat
681 832 816 869 stricto
850 829 1048 881 squalidus
1081 841 1172 868 ense
1206 828 1345 867 Getes:

333 890 506 940 Denique
527 921 537 941 ,
570 891 600 927 si
634 890 805 939 moriar,
839 889 998 927 subeam
1030 889 1203 939 pacatius
1236 898 1393 937 arvum,

248 957 312 987 110
392 948 488 986 Ossa
521 960 591 986 nec
623 960 643 985 a
677 947 855 998 Scythica
887 952 1019 985 nostra
1052 950 1280 996 premantur
1312 945 1457 995 humo,

333 1006 412 1044 Nec
445 1006 541 1044 male
575 1007 840 1057 compositos,
872 1011 915 1043 ut
947 1004 1096 1043 scilicet
1128 1003 1259 1042 exsule
1292 1002 1474 1053 dignum,

391 1064 556 1102 Bistonii
587 1066 738 1102 cineres
771 1063 914 1114 ungula
945 1062 1074 1113 pulset
1105 1063 1219 1112 equi:

335 1122 383 1160 Et
414 1134 491 1173 ne,
525 1123 557 1159 si
589 1127 770 1172 superest
802 1121 939 1171 aliquis
971 1126 1059 1171 post
1092 1121 1229 1158 funera
1261 1131 1423 1170 sensus,

393 1180 555 1218 Terreat
587 1185 625 1217 et
656 1191 788 1217 inanes
821 1179 1007 1217 Sarmatis
1039 1177 1176 1216 umbra
1209 1189 1342 1216 meos.

250 1248 314 1277 115
336 1238 511 1277 Caesaris
543 1238 637 1276 haec
669 1239 840 1276 animum
872 1242 1052 1287 poterant
1084 1236 1212 1274 audita
1246 1247 1425 1287 movere,

394 1296 585 1347 Maxime,
622 1297 832 1334 movissent
865 1297 897 1334 si
929 1301 1057 1334 tamen
1090 1300 1178 1333 ante
1209 1300 1343 1332 tuum.

336 1354 413 1393 Vox
434 1386 444 1406 ,
476 1366 645 1405 precor,
677 1355 869 1405 Augustas
901 1366 971 1404 pro
1004 1365 1064 1392 me
1098 1358 1162 1391 tua
1194 1352 1339 1391 molliat
1370 1363 1507 1403 aures,

396 1413 546 1452 Auxilio
579 1413 741 1463 trepidis
769 1424 866 1463 quae
900 1411 998 1450 solet
1029 1423 1115 1450 esse
1148 1412 1248 1450 reis:

337 1471 584 1522 Adsuetaque
617 1470 689 1509 tibi
720 1471 855 1509 doctae
888 1470 1091 1508 dulcedine
1123 1469 1275 1519 linguae

253 1538 317 1568 1·Ξο
397 1529 597 1580 Aequandi
629 1531 781 1580 superis
814 1534 972 1580 pectora
1003 1528 1116 1566 ssecte
1148 1529 1243 1566 viri.

338 1588 423 1626 Non
455 1587 525 1626 tihi
555 1587 826 1625 Theromedon
859 1587 1082 1637 crudusque
1115 1585 1315 1636 rogabitur
1346 1585 1511 1635 Atreus,

399 1646 551 1696 Quique
585 1647 666 1683 suis
698 1645 873 1683 homines
905 1644 1043 1696 pabula
1075 1645 1168 1682 fecit
1201 1645 1334 1694 equis:

340 1705 415 1743 Sed
448 1706 555 1755 piger
587 1704 633 1742 ad
666 1715 809 1754 poenas
842 1705 1053 1754 princeps,
1085 1703 1131 1741 ad
1163 1703 1333 1753 praemia
1366 1701 1497 1753 velox,

400 1762 552 1813 Quique
585 1761 716 1813 dolet,
756 1763 936 1813 quotiens
970 1763 1120 1812 cogitur
1153 1772 1238 1799 esse
1271 1761 1403 1798 ferox.

255 1829 318 1859 1‘25
341 1821 415 1866 Qui
449 1822 539 1859 vicit
571 1832 754 1872 semper,
786 1822 898 1858 victis
930 1826 973 1858 ut
1005 1831 1165 1870 parcere
1197 1824 1352 1870 posset,
1496 1825 1551 1858 (10)

400 1878 547 1917 Clausit
578 1884 616 1917 et
648 1884 803 1917 aeterna
835 1880 955 1917 civica
986 1877 1084 1916 bella
1117 1889 1225 1916 sera:

340 1936 458 1975 Multa
490 1942 596 1975 metu
627 1949 774 1987 poenae
794 1969 803 1987 ,
835 1949 958 1987 poena
991 1938 1058 1987 qui
1088 1947 1211 1986 pauca
1242 1939 1420 1985 coercet,

400 1994 449 2033 Et
480 1996 571 2034 iacit
602 1996 721 2033 invita
754 1994 912 2033 fulmina
946 2007 1032 2032 rara
1063 2006 1201 2033 manu.

341 2053 443 2104 Ergo
476 2059 552 2091 tam
585 2052 753 2103 placidas
786 2058 915 2091 orator
947 2055 1089 2091 missus
1121 2052 1167 2090 ad
1199 2063 1337 2101 aures,

256 2120 321 2151 130
402 2110 449 2150 Ut
480 2113 640 2162 propior
671 2113 816 2163 patriae
849 2113 898 2150 sit
930 2111 1018 2162 fuga
1050 2115 1213 2162 nostra,
1245 2121 1360 2160 roga.

342 2169 408 2208 1116
442 2181 511 2220 ego
545 2181 630 2208 sum
650 2201 660 2220 ,
693 2171 758 2221 qui
791 2175 827 2208 te
861 2168 991 2220 colui,
1024 2181 1140 2219 quem
1172 2169 1270 2207 festa
1302 2166 1449 2206 solebat
1504 2214 1507 2215 ⁷

400 2227 507 2266 Inter
541 2229 720 2267 convivas
752 2239 886 2266 mensa
917 2227 1047 2265 videre
1081 2233 1192 2265 tuos:

341 2285 408 2324 Ille
440 2298 541 2338 ego,
574 2287 640 2337 qui
672 2286 763 2325 duxi
795 2291 945 2325 vestros
976 2284 1226 2336 Hymenaeon
1256 2283 1303 2323 ad
1334 2285 1468 2334 ignes,
