1575 2489
167 79 249 125 156
704 86 768 117 EX
792 85 949 117 PONTO

342 192 496 242 Credit,
529 197 567 230 et
597 193 680 242 ipsa
712 203 820 230 suam
852 192 982 230 nescia
1013 193 1106 230 vitat
1137 203 1275 242 opem.

282 249 455 288 Membra
486 249 741 288 reformidant
778 249 932 287 mollem
971 262 1126 300 quoque
1164 251 1293 287 saucia
1325 255 1490 289 tactum:

342 307 521 357 Vanaque
555 306 730 345 sollicitis
762 309 902 346 incutit
933 307 1069 346 umbra
1102 313 1270 346 metum.

224 374 264 404 15
287 365 348 403 Sic
383 377 453 415 ego
486 365 663 403 fortunae
696 365 783 403 telis
815 365 990 404 confixus
1021 366 1166 415 iniquis
1435 373 1493 405 (58)

341 422 504 460 Pectore
537 424 713 473 concipio
745 422 799 460 nil
830 425 905 461 nisi
936 425 1047 462 triste
1080 435 1189 462 meo.

283 480 360 518 Iam
395 481 487 518 mihi
520 480 595 519 fata
625 480 749 531 liquet
781 486 939 531 coeptos
972 482 1163 519 servantia
1195 492 1335 519 cursus

345 538 418 576 Per
451 538 524 576 sibi
556 545 761 577 consuetas
794 551 948 589 semper
977 540 1080 577 itura
1112 540 1214 578 vias:

284 595 499 634 Observare
532 596 654 645 deos,
686 596 830 647 nequid
862 596 957 635 mihi
989 596 1099 635 cedat
1130 598 1276 635 amice:

221 662 263 693 20
343 653 545 705 Verbaque
578 654 772 693 Fortunae
805 656 865 692 vix
897 661 991 706 puto
1022 666 1137 705 posse
1170 654 1275 692 dari.

284 712 352 750 Est
384 711 439 750 illi
471 724 586 751 curae
619 725 679 750 me
711 711 904 763 perdere.
961 724 1138 763 quaeque
1173 711 1320 750 solebat

342 769 439 808 Esse
471 770 565 809 levis
585 802 595 821 ,
627 777 808 809 constans
840 776 879 809 et
909 770 1009 808 bene
1041 776 1147 808 certa
1178 775 1318 808 nocet.

285 828 407 866 Crede
439 828 563 880 mihi,
595 830 628 867 si
660 841 746 867 sum
779 830 859 866 veri
891 828 961 866 tibi
993 829 1172 878 cognitus
1205 829 1306 878 oris,

342 886 421 925 Nec
453 885 590 937 planus
622 888 661 924 in
694 888 838 925 nostris
871 886 1023 924 casibus
1056 898 1141 924 esse
1173 892 1313 936 puter,

222 952 264 983 25
286 944 494 995 Cinyphiae
527 947 669 994 segetis
702 946 816 983 citius
848 944 1070 982 numerabis
1103 945 1265 995 aristas,

342 1003 504 1052 Altaque
537 1015 651 1053 quam
683 1003 815 1041 multis
846 1002 982 1041 floreat
1012 1001 1133 1052 Hybla
1165 1001 1328 1052 thymis:

285 1059 334 1098 Et
366 1067 460 1110 quot
492 1073 580 1099 aves
612 1062 727 1099 motis
760 1062 934 1099 nitantur
964 1062 1004 1098 in
1037 1064 1125 1098 aere
1158 1061 1320 1111 pennis,

345 1118 526 1168 Quotque
559 1124 693 1156 natent
724 1120 850 1168 pisces
883 1130 1080 1168 aequore,
1113 1123 1245 1156 certus
1277 1119 1377 1167 eris,

286 1175 408 1220 Quam
440 1175 510 1214 tibi
541 1182 765 1214 nostrorum
798 1182 990 1214 statuatur
1022 1187 1172 1214 summa
1202 1174 1402 1227 laborum,

221 1242 264 1272 30
346 1234 451 1278 Quos
484 1246 554 1284 ego
588 1246 673 1272 sum
705 1240 839 1286 terra,
872 1246 969 1285 quos
1002 1246 1072 1283 ego
1103 1245 1241 1284 passus
1274 1245 1393 1284 aqua.

284 1291 396 1330 Nulla
428 1291 534 1330 Getis
566 1298 648 1330 toto
681 1304 775 1342 gens
808 1298 869 1330 est
899 1292 1159 1330 truculentior
1191 1291 1308 1331 orbe:

345 1349 420 1388 Sed
446 1356 575 1388 tamen
608 1350 647 1388 hi
678 1351 823 1389 nostris
853 1351 1079 1401 ingemuere
1111 1349 1243 1388 malis.

287 1408 392 1454 Quae
425 1408 495 1446 tibi
528 1410 560 1446 si
593 1410 755 1446 memori
788 1420 907 1447 coner
937 1407 1184 1459 perscribere
1216 1419 1355 1459 versu,

343 1466 430 1504 ilias
463 1472 522 1504 est
554 1467 621 1505 sati
652 1466 765 1517 longa
797 1467 927 1505 futura
958 1469 1056 1505 mei.

221 1533 264 1563 35
285 1524 369 1562 Non
401 1526 520 1575 igitur
551 1537 688 1563 vereor
707 1555 717 1575 ‚
744 1526 832 1575 quia
863 1530 902 1563 te
934 1536 1022 1562 rear
1053 1536 1139 1563 esse
1171 1523 1406 1574 verendum,

344 1581 463 1620 Cuius
496 1594 604 1620 amor
635 1581 746 1620 nobis
778 1584 941 1633 pignora
974 1582 1076 1620 mille
1109 1582 1238 1621 dedit:

287 1639 364 1679 Sed
403 1642 492 1691 quia
529 1652 592 1679 res
633 1640 765 1678 timida
803 1647 862 1679 est
899 1642 1024 1679 omnis
1062 1642 1208 1691 miser,
1250 1645 1288 1679 et
1325 1641 1413 1691 quia

1008 1699 1122 1749 longo
1156 1704 1215 1737 est
1438 1706 1497 1739 (59)

343 1756 536 1808 Tempore
567 1756 734 1795 laetitiae
767 1758 879 1795 ianua
913 1757 1040 1795 clausa
1072 1769 1202 1795 meae.

285 1815 364 1854 Iam
396 1815 505 1854 dolor
535 1816 576 1853 in
609 1827 757 1853 morem
788 1817 894 1854 venit
924 1827 1064 1854 meus.
1118 1821 1240 1866 utque
1273 1813 1427 1853 caducis

222 1882 266 1912 40
344 1873 541 1912 Percussu
573 1873 712 1911 crebro
746 1885 833 1911 saxa
867 1880 1051 1912 cavantur
1083 1875 1215 1925 aquis,

287 1931 351 1971 Sic
383 1943 454 1982 ego
487 1933 670 1970 continuo
703 1932 881 1970 fortunae
914 1932 1098 1970 vulneror
1129 1933 1232 1982 ictu,

345 1989 493 2041 Vixque
525 1989 642 2028 habet
671 1991 711 2027 in
743 1989 855 2028 nobis
887 1992 963 2028 iam
994 2002 1091 2028 nova
1121 1989 1231 2040 plaga
1262 1988 1413 2028 locum.

284 2048 365 2087 Nec
396 2050 517 2099 magis
550 2047 704 2087 assiduo
736 2060 868 2086 vomer
900 2053 1084 2087 tenuatur
1115 2048 1161 2085 ab
1194 2059 1292 2099 usu,

344 2106 424 2145 Nec
456 2108 577 2158 magis
609 2112 669 2145 est
701 2107 830 2145 curvis
861 2107 984 2157 Appia
1015 2108 1105 2145 trita
1136 2107 1256 2156 rotis,

221 2172 264 2203 45
285 2165 447 2204 Pectora
480 2178 595 2216 quam
628 2176 713 2202 mea
744 2171 835 2203 sunt
866 2166 967 2202 serie
994 2170 1146 2203 caecata
1178 2164 1390 2202 malorum:

344 2223 393 2262 Et
424 2224 519 2262 nihil
551 2224 710 2274 inveni,
742 2223 845 2273 quod
876 2222 971 2261 mihi
1003 2223 1124 2261 ferret
1156 2234 1291 2273 opem.

284 2281 445 2321 Artibus
477 2284 659 2333 ingenuis
693 2282 866 2333 quaesita
898 2288 957 2320 est
989 2280 1108 2332 gloria
1142 2279 1297 2319 multis:
