1575 2489
618 52 681 84 111.
711 53 905 84 755-825.
1343 49 1426 91 281

211 160 296 199 Itur
328 159 373 197 ad
407 160 555 210 Argeos
587 181 633 188 -
664 161 732 210 qui
758 161 863 211 sint,
896 171 964 198 sua
997 160 1134 211 pagina
1168 159 1271 198 dicet
1303 180 1346 186 —

268 218 347 256 Hac
366 249 376 268 ‚
410 219 442 256 si
474 219 750 270 commemini,
782 220 1071 269 praeteritaque
1105 218 1190 257 die.

211 276 327 315 Stella
359 276 591 327 Lycaoniam
625 278 748 328 vergit
779 276 963 327 proclivis
996 276 1042 315 ad
1075 277 1220 315 Arcton

267 334 438 373 Miluus.
494 335 590 374 haec
622 336 686 374 illa
717 341 832 374 nocte
864 335 1028 374 videnda
1060 337 1187 374 venit.

122 401 188 433 795
210 393 311 439 Quid
345 393 497 432 dederit
528 394 706 446 volucri,
739 395 773 433 si
803 395 859 432 vis
892 406 1159 446 cognoscere,
1192 393 1364 432 caelum:

270 451 463 490 Saturnus
495 454 627 503 regnis
660 465 680 491 a
712 452 799 491 Iove
832 452 970 504 pulsus
1003 457 1104 504 erat3

211 510 389 549 Concitat
420 512 545 549 iratus
578 511 722 550 validos
754 511 911 550 Titanas
944 513 984 549 in
1016 523 1146 561 arma,

268 569 453 620 Quaeque
487 571 561 608 suit
593 570 680 609 fatis
713 569 871 621 debita,
904 575 1067 621 temptat
1098 581 1235 620 opem.

207 627 329 666 Matre
362 634 468 667 satus
502 628 623 667 Terra
642 660 652 680 ,
685 634 904 667 monstrum
935 628 1111 667 mirabile
1130 659 1141 680 ‚
1175 634 1310 667 taurus

119 694 187 725 800
266 686 381 725 Parte
414 688 474 725 sui
507 699 669 738 serpens
701 688 920 738 posteriore
953 687 1049 726 fuit.

207 744 319 783 Hunc
352 745 498 797 triplici
529 758 641 784 muro
674 745 773 784 lucis
805 745 1018 784 incluserat
1052 746 1147 784 atris

266 803 477 843 Parcarum
510 806 661 842 monitu
695 804 788 855 Styx
820 804 988 842 violenta
1020 805 1162 842 trium.

206 862 364 901 Viscera
397 864 463 913 qui
496 864 597 902 tauri
629 863 794 901 [lammis
827 862 1014 900 adolenda
1047 862 1242 914 dedisset,

267 920 360 958 Sors
393 926 504 972 erat,
537 926 717 959 aeternos
749 922 1048 971 vincereposse
1082 920 1198 959 deos.

121 987 187 1019 805
209 978 385 1017 Immolat
416 979 521 1018 huno
553 979 737 1018 Briareus
770 979 869 1018 sacta
903 991 949 1017 ex
981 979 1183 1018 adamante
1216 980 1370 1031 securi,

265 1037 314 1075 Et
345 1039 498 1076 iamiam
531 1037 696 1076 ssammis
729 1044 815 1076 exta
848 1037 1011 1077 daturus
1045 1043 1150 1076 erat:

206 1096 380 1146 Iuppiter
413 1096 569 1135 alitibus
601 1108 738 1146 rapere
772 1098 967 1147 imperat.
1023 1096 1152 1135 attulit
1184 1095 1238 1135 illi

265 1153 436 1207 Miluus,
469 1161 508 1193 et
539 1156 691 1193 meritis
723 1157 828 1193 venit
860 1156 899 1193 in
933 1163 1035 1194 astra
1069 1156 1173 1194 suis.

92 1246 154 1288 18.
181 1243 260 1287 EO
321 1246 385 1288 19.
417 1245 451 1287 F
478 1245 714 1295 QVINN
769 1246 837 1288 20.
872 1245 950 1288 GC
1006 1246 1074 1288 21.
1107 1244 1190 1288 HC
1240 1246 1308 1288 22.
1341 1245 1427 1290 AN

206 1330 288 1369 Una
321 1331 404 1369 dies
437 1331 562 1369 media
595 1337 683 1383 est,
716 1336 754 1370 et
786 1331 885 1369 fiunt
916 1343 1026 1369 sacra
1057 1330 1276 1382 Minervae,

117 1397 185 1428 810
264 1389 429 1428 Nomina
463 1402 561 1440 quae
593 1391 737 1428 iunctis
772 1391 944 1440 quinque
978 1389 1116 1428 diebus
1148 1389 1314 1428 habent.

207 1448 403 1498 Sanguine
435 1450 560 1498 prima
592 1454 728 1499 vacat,
761 1460 834 1487 nec
867 1449 923 1487 sas
957 1460 1194 1487 concurrere
1228 1448 1355 1487 ferro:

265 1506 417 1558 Causa,
452 1506 555 1557 quod
588 1512 647 1545 est
678 1506 742 1545 illa
774 1512 863 1545 nata
894 1506 1067 1545 Minerva
1100 1507 1184 1545 die.

204 1566 334 1604 Altera
367 1572 525 1616 tresque
559 1577 678 1616 super
710 1577 797 1604 rasa
829 1565 1079 1604 celebrantur
1111 1565 1279 1604 harena:

262 1623 433 1662 Ensibus
466 1625 631 1662 exsertis
663 1623 800 1663 bellica
833 1623 932 1663 laeta
963 1624 1033 1662 dea
1066 1631 1147 1663 est.

116 1689 182 1721 815
204 1682 356 1721 Pallada
388 1694 492 1721 nunc
525 1684 639 1733 pueri
670 1688 907 1733 teneraeque
940 1689 1047 1721 orate
1080 1682 1253 1735 puellae3

263 1741 339 1786 Qui
370 1740 469 1779 bene
502 1741 664 1791 placarit
694 1741 846 1779 Pallada
865 1772 876 1793 ,
909 1741 1048 1780 doctus
1081 1743 1178 1780 erit.

202 1799 357 1838 Pallade
389 1799 538 1850 placata
570 1799 696 1837 lanam
728 1799 879 1838 mollire
911 1800 1063 1851 puellae

261 1857 420 1896 Discant
452 1863 490 1896 et
522 1857 656 1908 plenas
688 1870 901 1896 exonerare
935 1858 1065 1896 colos.

204 1916 270 1954 Illa
303 1918 419 1955 etiam
453 1918 592 1955 stantis
625 1916 733 1955 radio
766 1928 1002 1967 percurrere
1034 1916 1130 1955 telas

113 1983 181 2014 820
261 1974 430 2027 Erudit,
463 1980 503 2013 et
534 1987 665 2013 rarum
698 1977 854 2026 pectine
887 1974 1025 2014 denset
1057 1987 1179 2025 opus.

201 2033 309 2072 Hanc
341 2034 454 2085 cole,
488 2035 556 2086 qui
587 2033 703 2072 laesis
738 2033 909 2072 maculas
942 2034 989 2072 de
1023 2033 1196 2072 vestibus
1229 2034 1382 2073 aufers:

261 2092 369 2131 Hanc
402 2092 484 2131 cole
504 2124 515 2144 ‚
548 2092 757 2131 velleribus
791 2093 969 2143 quisquis
1002 2096 1097 2131 aena
1129 2104 1264 2143 paras.

201 2151 282 2190 Nec
315 2153 521 2202 quisquam
554 2152 672 2189 invita
706 2152 822 2189 saciet
853 2150 953 2189 bene
986 2150 1138 2190 vincula
1171 2151 1323 2202 plantae

259 2209 414 2248 Pallade
434 2241 444 2261 ,
477 2211 528 2248 sit
559 2209 705 2260 Tychio
739 2209 891 2248 doctior
922 2209 986 2248 ille
1018 2209 1132 2249 licet:

113 2276 179 2308 825
200 2268 250 2308 Et
282 2269 372 2308 licet
405 2270 564 2320 antiquo
596 2267 777 2307 manibus
810 2268 987 2307 conlatus
1019 2268 1125 2320 Epeo
