1601 2484
150 60 235 96 XIV

153 170 353 219 superiore
369 173 565 210 exoletum
585 173 665 211 vidi
679 193 733 199 —
749 173 922 223 singulos
942 173 1088 223 passim
1109 176 1178 212 aut
1196 174 1329 222 plures
1343 186 1480 212 versus

153 228 400 267 oblitteratos
431 230 610 278 haberet,
650 231 859 268 transcribi
889 231 930 269 in
960 232 1037 270 alia
1075 232 1310 281 exemplaria
1339 232 1480 280 potuit,

151 286 215 323 vel
252 286 388 324 eodem
423 287 487 324 vel
524 287 712 335 ampliato
749 288 980 337 paginarum
1011 286 1142 337 modo,
1180 292 1334 338 notato,
1371 293 1480 340 puto,

150 343 381 392 plerumque
424 356 624 393 versuum,
674 346 740 393 qui
785 346 865 395 legi
906 359 983 385 non
1024 350 1251 397 potuerant,
1299 359 1479 397 numer03

152 413 247 449 quas
285 403 444 439 lacunas
481 414 559 439 non
590 402 725 440 eodem
756 405 930 452 tempore
970 417 1120 454 omnes,
1159 406 1250 444 ante
1282 405 1479 443 saeculum

151 461 284 496 tamen
308 471 366 496 ΧΠ
390 460 671 509 propemodum
697 461 831 499 sedulo
858 474 990 500 omnes
1010 464 1184 511 expletas
1204 463 1388 501 credibile
1410 466 1479 503 est.

269 516 367 554 Sunt
408 518 503 556 haec
545 519 662 567 paulo
706 519 934 567 explicatius
980 520 1222 559 declaranda.
1291 533 1375 559 rem
1418 523 1478 559 ta·-

150 586 240 612 men
271 574 407 624 ipsam,
440 575 486 613 de
517 588 594 624 qua
625 576 766 625 agitur,
800 577 894 615 satis
921 578 999 615 iam
1024 590 1113 616 reor
1136 581 1350 627 patescere,
1381 591 1480 628 quae

150 632 191 669 in
233 633 403 671 carmine
446 634 602 672 tantulo
645 635 802 682 plenam
845 636 1142 683 explicationem
1184 649 1263 675 non
1306 637 1480 676 habebit.

149 690 384 738 paginarum
415 692 619 740 archetypi
650 692 961 731 dinumeratione
998 693 1142 741 triplex
1173 694 1272 732 illud
1303 695 1475 743 interpo-

150 748 307 786 lationis
348 761 473 798 genus
514 751 763 798 proponitur:
807 763 946 801 unum,
990 764 1066 800 quo
1111 751 1348 789 detrimenta
1391 764 1481 801 sup-

149 806 325 855 plentur-3
357 808 542 856 alterum,
575 808 703 857 siquid
734 809 775 846 in
805 809 957 858 paginis
990 822 1110 858 supra
1141 810 1361 858 legitimum
1392 823 1479 848 ver-

152 875 265 901 suum
300 877 507 903 numerum
543 865 748 915 infertum,
786 867 896 904 velut
933 866 980 904 de
1012 862 1106 918 (23)
1138 870 1178 905 et
1208 862 1303 919 (25)
1335 867 1478 906 indica-

149 922 304 971 bamus,
353 923 531 971 tertium,
575 924 702 962 minus
745 936 814 973 per
853 925 1007 974 singula
1049 925 1315 975 conspicuum,
1366 926 1480 975 quod,

149 980 314 1030 integris
341 982 543 1030 archetypi
567 982 721 1031 paginis
741 983 1073 1033 comprehensum,
1106 984 1248 1021 aetatis
1269 984 1480 1032 superioris

151 1050 235 1075 esse
268 1039 475 1087 oportebit.

266 1096 391 1134 Primi
432 1098 584 1146 generis
627 1098 668 1135 in
710 1098 893 1136 extremis
936 1099 1089 1148 paginis
1128 1099 1318 1148 quaedam
1355 1101 1480 1138 latere

149 1156 324 1203 possunt.
396 1155 436 1191 in
468 1155 566 1193 serie
598 1155 667 1193 illa
697 1157 882 1194 continua
912 1157 1144 1206 paginarum
1175 1158 1350 1206 priorum
1380 1167 1479 1196 XVII

151 1212 324 1249 offendor
361 1212 526 1250 disticho
567 1215 646 1251 197
693 1215 786 1253 198.
859 1215 957 1252 Imlc
987 1215 1089 1263 quod
1119 1215 1303 1265 legimus,
1341 1216 1480 1253 referri

150 1282 227 1307 non
257 1272 389 1318 potest
419 1271 468 1308 ad
500 1274 607 1309 tanta
636 1272 741 1309 meda
772 1284 869 1320 quae
902 1272 1083 1310 dicuntur
1112 1286 1148 1311 v.
1183 1275 1263 1312 196
1297 1276 1337 1311 et
1368 1286 1480 1311 enar-

150 1330 289 1365 rantur
314 1328 403 1366 inde
429 1341 452 1366 a
477 1342 512 1367 v.
543 1330 642 1367 161:
668 1341 746 1367 non
772 1332 863 1368 sunt
889 1342 934 1368 ea
959 1334 1102 1380 cuncta,
1135 1343 1233 1381 quae
1257 1331 1480 1369 indicantur

148 1399 184 1423 v.
218 1388 319 1434 203,
362 1386 465 1424 unde
501 1389 654 1436 partem
692 1387 992 1437 deprompturus
1031 1391 1090 1427 est
1129 1392 1257 1437 poeta.
1331 1390 1481 1428 accedit

150 1444 253 1492 quod
282 1456 415 1491 pauca
453 1457 493 1482 se
534 1447 783 1483 cantaturum
825 1446 934 1495 dicit,
977 1460 1039 1485 vv.
1073 1448 1154 1485 247
1200 1449 1281 1485 248
1326 1448 1479 1496 plenius

149 1502 378 1539 vaticinium
402 1502 553 1551 pridem
580 1503 653 1540 sibi
679 1503 957 1542 demandatum
982 1504 1041 1542 dis
1066 1505 1291 1543 iuvantibus
1318 1505 1479 1544 orditur.

150 1560 264 1597 credo
309 1560 502 1598 distichon
551 1561 644 1599 olim
688 1561 858 1600 adfuisse
901 1562 942 1600 in
984 1564 1082 1601 hanc
1124 1564 1207 1601 fere
1229 1564 1477 1613 sentent-iam,

150 1614 294 1656 ‘neseio
326 1618 427 1656 unde
458 1619 614 1657 initium
645 1620 795 1668 capiam
826 1620 968 1669 uberis,
1001 1621 1104 1670 quod
1134 1623 1330 1672 proposui,
1363 1634 1478 1671 argu-

149 1673 298 1714 menti’.
360 1677 556 1726 levigatur
605 1677 661 1715 ita
709 1678 898 1716 transitus
948 1679 1014 1716 ille
1064 1679 1113 1717 ad
1162 1680 1282 1718 Ibidis
1327 1682 1479 1718 natales

149 1747 184 1772 v.
218 1736 312 1773 207.
355 1756 403 1761 —
468 1735 661 1773 distichon
692 1735 795 1785 quod
826 1739 886 1775 est
921 1737 963 1775 in
999 1740 1174 1775 extrema
1210 1752 1245 1786 p.
1281 1733 1365 1790 (3),
1402 1751 1480 1776 non

148 1793 370 1841 putaverim
403 1793 531 1831 Ovidii
568 1805 663 1832 esse.
736 1795 931 1833 sententia
967 1796 1142 1844 vulgaris
1181 1799 1219 1834 et
1251 1797 1407 1834 debilis:
1447 1797 1480 1834 si

148 1851 247 1899 ibis,
279 1851 382 1899 quod
413 1854 525 1900 puto,
557 1851 730 1890 tumidus
761 1855 879 1902 poeta
908 1853 1000 1903 fuit,
1038 1854 1238 1892 involucra
1269 1854 1338 1892 illa
1368 1854 1478 1892 fabu-

149 1910 276 1946 larum
311 1921 388 1946 non
425 1909 474 1947 ad
512 1910 771 1959 obtegendam
808 1912 980 1949 dirarum
1018 1913 1286 1961 acrimoniam,
1325 1913 1392 1950 sed
1430 1912 1480 1950 ad

150 1967 411 2005 exacuendam
437 1969 684 2016 spectabant3
717 1968 758 2006 id
783 1970 886 2018 quod
910 1970 1087 2008 versibus
1122 1972 1173 2009 58
1208 1972 1260 2009 59
1297 1972 1350 2009 60
1382 1970 1479 2009 adeo

150 2025 352 2074 perspicue
390 2025 590 2074 proditum
627 2026 799 2076 videtur,
840 2030 885 2065 ut
917 2028 949 2065 si
981 2028 1225 2066 dissimulare
1256 2031 1372 2077 poeta
1402 2030 1480 2067 ista

148 2083 381 2132 figuratione
413 2084 619 2134 voluisset,
657 2084 805 2123 frustra
843 2085 992 2124 fuisset.
1064 2089 1197 2125 tamen
1233 2088 1393 2125 lacunae
1424 2088 1479 2125 lo-

150 2154 237 2179 cum
285 2154 363 2179 non
400 2142 577 2192 dispicio;
626 2142 856 2181 crediderim
899 2144 1192 2193 interpolatoris
1230 2145 1376 2184 veteris
1413 2157 1473 2194 ap-

148 2199 392 2248 pendiculam
435 2200 513 2238 iam
552 2201 593 2238 in
638 2202 850 2251 archetypo
894 2202 1104 2241 inventam.
1146 2223 1194 2229 —
1235 2215 1371 2241 versus
1413 2203 1479 2252 qui

149 2258 365 2296 edebantur
403 2260 454 2296 41
497 2260 570 2308 42,
610 2259 762 2309 primus
800 2261 1005 2298 sustulisse
1043 2260 1198 2299 videor:
1240 2260 1478 2299 Schraderus
