1575 2489
149 41 234 82 334
686 42 938 74 FASTORUM

203 157 247 188 50
327 149 434 194 Quos
467 161 537 199 ego
570 148 752 186 Romanis
785 147 1038 187 succubuisse
1071 148 1163 186 tuli.

268 207 343 245 Sed
376 219 502 257 neque
528 207 750 257 paeniteat,
783 218 855 244 nec
887 217 982 256 gens
1008 205 1101 244 mihi
1133 207 1259 244 carior
1284 204 1361 243 ulla
1393 209 1475 242 est.

324 264 398 303 Hic
430 264 534 302 colar
554 295 564 315 ‚
595 263 658 302 hic
690 269 842 301 teneam
875 275 963 302 cum
995 263 1082 301 Iove
1116 263 1257 314 templa
1289 274 1398 300 meo.

266 322 352 374 Ipse
384 322 480 360 mihi
510 321 661 359 Mavors
694 317 959 359 “commendo
991 318 1177 359 moenia⁹⁹
1211 321 1306 359 dixit

327 377 467 418 “Haeo
499 379 570 417 tibi
591 410 599 418 .
656 384 698 417 tu
730 379 879 430 pollens
911 378 1008 417 urbe
1040 381 1192 430 nepotis
1225 374 1363 417 eris.”

204 446 246 477 55
268 438 375 476 Dicta
407 437 503 475 fides
535 438 742 487 sequitur.
800 442 957 475 centum
989 436 1231 475 celebramur
1262 438 1302 475 in
1334 436 1436 474 aris:

325 495 404 534 Nec
436 495 557 533 levior
591 496 726 545 quovis
759 500 819 533 est
850 494 946 533 mihi
977 496 1121 533 mensis
1152 495 1299 533 honor.

267 554 346 592 Nec
373 560 501 592 tamen
527 553 632 591 hunc
658 552 770 591 nobis
796 552 1062 591 tantummodo
1088 559 1259 603 praestat
1287 552 1476 590 honorem

327 611 475 650 Roma.
532 610 747 649 suburbani
779 611 870 649 dant
901 610 995 649 mihi
1026 623 1168 649 munus
1199 611 1323 649 idem.

269 669 420 720 Inspice
439 701 450 721 ‚
483 681 580 720 quos
613 668 752 707 habeat
783 668 990 707 nemoralis
1021 669 1150 707 Aricia
1182 668 1324 720 fastos,

205 736 248 767 60
327 727 376 766 Et
407 726 574 778 populus
606 726 780 765 Laurens
811 726 1104 777 Lanuviumque
1136 738 1290 765 meum:

268 785 339 824 Est
369 785 447 823 illic
480 786 624 823 mensis
656 784 842 823 Iunonius
862 815 870 823 .
928 786 1077 835 inspice
1110 784 1233 823 Tibur

327 842 376 882 Et
407 843 682 881 Praenestinae
714 845 866 881 moenia
899 854 1007 881 sacra
1039 842 1156 893 deae,

270 901 453 940 Iunonale
486 901 592 951 leges
624 907 807 951 tempus:
851 913 923 939 nec
956 900 1143 939 Romulus
1175 899 1260 939 illas

329 959 535 998 Condidit.
592 964 631 997 at
661 960 785 997 nostri
817 958 938 997 Roma
970 960 1123 1009 nepotis
1157 954 1284 996 erat.⁵

207 1026 249 1057 65
271 1016 442 1056 Finierat
473 1016 596 1055 [uno.
653 1018 920 1067 respeximus:
960 1015 1139 1054 Herculis
1171 1027 1269 1054 uxor

330 1074 492 1125 Stabat,
525 1080 563 1112 et
594 1076 634 1112 in
665 1074 769 1112 voltu
803 1076 910 1124 signa
942 1073 1107 1112 dolentis
1140 1079 1273 1111 erant.

272 1131 374 1171 ‘Non
409 1145 478 1183 ego
498 1163 508 1183 ,
541 1133 573 1170 si
604 1137 685 1170 toto
717 1137 841 1170 mater
874 1143 932 1169 me
966 1130 1104 1170 cedere
1137 1130 1242 1169 caelo

329 1191 520 1241 Iusserit,
552 1191 670 1228 invita
703 1196 825 1228 matre
858 1185 1060 1227 morabor'
1094 1190 1167 1227 ait.

271 1247 402 1287 ‘Nunc
431 1260 585 1299 quoque
612 1260 689 1286 non
716 1247 842 1286 luctor
869 1247 916 1286 de
943 1248 1098 1286 nomine
1130 1247 1317 1297 temporis
1344 1245 1480 1284 huius:

209 1317 251 1347 70
330 1307 513 1345 Blandior
533 1338 543 1358 ,
577 1312 614 1345 et
645 1311 775 1357 partes
807 1318 929 1356 paene
962 1306 1134 1356 rogantis
1166 1317 1260 1356 ag0‚

272 1366 446 1416 Remque
480 1366 556 1403 mei
587 1366 684 1402 iuris
717 1363 846 1402 malim
878 1365 1051 1402 tenuisse
1084 1363 1306 1414 precando:

329 1423 378 1462 Et
409 1424 536 1461 faveas
569 1434 706 1461 causae
739 1423 901 1460 forsitan
932 1423 1015 1472 ipse
1049 1433 1179 1460 meae.

271 1483 396 1520 Aurea
428 1480 603 1532 possedit
635 1482 739 1518 socio
773 1479 958 1531 Capitolia
989 1479 1132 1530 templo

330 1539 452 1578 Mater
471 1571 481 1591 ‚
514 1545 582 1591 et,
612 1544 657 1577 ut
687 1537 832 1589 debet,
866 1550 953 1576 cum
986 1537 1073 1576 Iove
1107 1548 1255 1575 summa
1286 1541 1416 1574 tenet.

209 1606 250 1637 75
271 1598 319 1636 At
351 1598 470 1636 decus
503 1609 616 1634 omne
648 1596 743 1634 mihi
775 1597 966 1646 contingit
997 1597 1146 1646 origine
1179 1595 1346 1633 mensis.

330 1655 475 1694 Unicus
508 1661 596 1706 est,
628 1654 674 1692 de
708 1666 783 1704 quo
817 1653 1097 1704 sollicitamur,
1129 1653 1278 1691 honor.

272 1713 373 1759 Quid
405 1725 550 1764 grave,
583 1714 616 1750 si
647 1712 803 1751 titulum
836 1713 981 1750 mensis
1000 1742 1011 1763 ,
1043 1711 1214 1749 Romane
1233 1741 1244 1762 7
1277 1709 1418 1748 dedisti

331 1771 511 1810 Herculis
546 1772 685 1821 uxori,
717 1771 1003 1821 posteritasque
1036 1766 1218 1808 memor?

274 1830 376 1869 Haec
410 1841 565 1880 quoque
598 1834 703 1866 terra
729 1828 874 1878 aliquid
901 1827 1018 1866 debet
1049 1827 1143 1865 mihi
1175 1828 1331 1865 nomine
1356 1826 1483 1876 magni

209 1897 251 1927 80
332 1888 515 1938 Coniugis
536 1917 544 1925 .
599 1886 675 1925 huc
708 1892 838 1937 captas
871 1885 1018 1937 appulit
1049 1885 1112 1924 ille
1144 1884 1286 1936 boves,

273 1946 343 1985 Hic
376 1945 473 1984 male
506 1945 689 1983 defensus
722 1944 886 1982 flammis
919 1950 956 1982 et
988 1943 1076 1982 dote
1107 1948 1267 1994 paterna

333 2004 456 2043 Cacus
487 2004 715 2041 Aventinam
747 2004 934 2052 sanguine
967 2002 1081 2040 tinxit
1111 2001 1294 2040 humum.

274 2062 330 2101 Aa
362 2063 545 2113 propiora
577 2072 693 2099 vocor
714 2090 722 2099 .
777 2060 964 2111 populum
996 2060 1157 2109 digessit
1188 2058 1234 2097 ab
1268 2060 1378 2097 aunis

333 2120 521 2158 Romulus
540 2151 551 2171 ‚
583 2120 623 2157 in
654 2124 785 2169 partes
817 2117 1092 2168 distribuitque
1126 2116 1244 2156 duas:

211 2188 254 2218 85
277 2178 380 2216 Ilaec
413 2178 503 2216 dare
537 2177 740 2216 consilium
759 2207 770 2227 ,
801 2187 975 2227 pugnare
1007 2176 1177 2226 parati0r
1209 2175 1271 2213 illa
1303 2180 1385 2226 est3

335 2236 439 2274 Haec
471 2240 575 2274 aetas
608 2235 751 2274 bellum
785 2234 949 2287 suadet,
981 2240 1019 2272 at
1050 2233 1111 2271 illa
1143 2235 1266 2284 gerit.
