<?xml version="1.0" encoding="UTF-8"?>
<!DOCTYPE html PUBLIC "-//W3C//DTD XHTML 1.0 Transitional//EN"
    "http://www.w3.org/TR/xhtml1/DTD/xhtml1-transitional.dtd">
<html xmlns="http://www.w3.org/1999/xhtml" xml:lang="en" lang="en">
 <head>
  <title>
</title>
<meta http-equiv="Content-Type" content="text/html;charset=utf-8" />
  <meta name='ocr-system' content='tesseract 3.04.00' />
  <meta name='ocr-capabilities' content='ocr_page ocr_carea ocr_par ocr_line ocrx_word'/>
</head>
<body>
  <div class='ocr_page' id='page_1' title='image "./operaovid01oviduoft_0266.png"; bbox 0 0 1575 2489; ppageno 0'>
   <div class='ocr_carea' id='block_1_1' title="bbox 164 80 952 121">
    <p class='ocr_par' dir='ltr' id='par_1_1' title="bbox 164 80 952 121">
     <span class='ocr_line' id='line_1_1' title="bbox 164 80 952 121; baseline -0.013 0"><span class='ocrx_word' id='word_1_1' title='bbox 164 80 247 121; x_wconf 83' lang='lat'>218</span> <span class='ocrx_word' id='word_1_2' title='bbox 699 80 952 113; x_wconf 72' lang='lat' dir='ltr'>PASTORUM</span> 
     </span>
    </p>
   </div>
   <div class='ocr_carea' id='block_1_2' title="bbox 197 186 1493 2320">
    <p class='ocr_par' dir='ltr' id='par_1_2' title="bbox 197 186 1493 2320">
     <span class='ocr_line' id='line_1_2' title="bbox 282 186 1486 239; baseline -0.002 -12"><span class='ocrx_word' id='word_1_3' title='bbox 282 189 381 227; x_wconf 91' lang='lat' dir='ltr'>Tum</span> <span class='ocrx_word' id='word_1_4' title='bbox 414 188 509 226; x_wconf 90' lang='lat' dir='ltr'>deus</span> <span class='ocrx_word' id='word_1_5' title='bbox 541 186 771 226; x_wconf 85' lang='lat' dir='ltr'>incumbens</span> <span class='ocrx_word' id='word_1_6' title='bbox 802 186 968 238; x_wconf 89' lang='lat' dir='ltr'>baculo,</span> <span class='ocrx_word' id='word_1_7' title='bbox 995 200 1110 239; x_wconf 89' lang='lat' dir='ltr'>quem</span> <span class='ocrx_word' id='word_1_8' title='bbox 1143 188 1276 227; x_wconf 84' lang='lat' dir='ltr'>dextra</span> <span class='ocrx_word' id='word_1_9' title='bbox 1308 186 1486 239; x_wconf 81' lang='lat' dir='ltr'>gerebat,</span> 
     </span>
     <span class='ocr_line' id='line_1_3' title="bbox 341 241 1278 296; baseline 0.001 -13"><span class='ocrx_word' id='word_1_10' title='bbox 341 244 501 284; x_wconf 61' lang='lat' dir='ltr'>‘Omina</span> <span class='ocrx_word' id='word_1_11' title='bbox 532 241 757 296; x_wconf 81' lang='lat' dir='ltr'>principiis&#39;</span> <span class='ocrx_word' id='word_1_12' title='bbox 789 246 917 295; x_wconf 88' lang='lat' dir='ltr'>inquit</span> <span class='ocrx_word' id='word_1_13' title='bbox 948 242 1096 284; x_wconf 67' lang='lat' dir='ltr'>‘inesse</span> <span class='ocrx_word' id='word_1_14' title='bbox 1129 246 1278 284; x_wconf 88' lang='lat' dir='ltr'>solent.</span> 
     </span>
     <span class='ocr_line' id='line_1_4' title="bbox 281 302 1284 354; baseline 0.001 -13"><span class='ocrx_word' id='word_1_15' title='bbox 281 303 336 341; x_wconf 91' lang='lat' dir='ltr'>Ad</span> <span class='ocrx_word' id='word_1_16' title='bbox 368 305 533 353; x_wconf 84' lang='lat' dir='ltr'>primam</span> <span class='ocrx_word' id='word_1_17' title='bbox 565 315 698 341; x_wconf 86' lang='lat' dir='ltr'>vocem</span> <span class='ocrx_word' id='word_1_18' title='bbox 730 302 883 340; x_wconf 84' lang='lat' dir='ltr'>timidas</span> <span class='ocrx_word' id='word_1_19' title='bbox 915 303 1113 342; x_wconf 80' lang='lat' dir='ltr'>advertitis</span> <span class='ocrx_word' id='word_1_20' title='bbox 1145 315 1284 354; x_wconf 84' lang='lat' dir='ltr'>aureS,</span> 
     </span>
     <span class='ocr_line' id='line_1_5' title="bbox 197 360 1255 412; baseline 0 -13"><span class='ocrx_word' id='word_1_21' title='bbox 197 370 262 401; x_wconf 86' lang='lat'>180</span> <span class='ocrx_word' id='word_1_22' title='bbox 341 360 390 399; x_wconf 87' lang='lat' dir='ltr'>Et</span> <span class='ocrx_word' id='word_1_23' title='bbox 420 362 539 399; x_wconf 85' lang='lat' dir='ltr'>visam</span> <span class='ocrx_word' id='word_1_24' title='bbox 571 361 741 411; x_wconf 87' lang='lat' dir='ltr'>primum</span> <span class='ocrx_word' id='word_1_25' title='bbox 773 360 941 399; x_wconf 86' lang='lat' dir='ltr'>consulit</span> <span class='ocrx_word' id='word_1_26' title='bbox 972 373 1094 412; x_wconf 87' lang='lat' dir='ltr'>augur</span> <span class='ocrx_word' id='word_1_27' title='bbox 1126 373 1255 400; x_wconf 88' lang='lat' dir='ltr'>avem.</span> 
     </span>
     <span class='ocr_line' id='line_1_6' title="bbox 281 417 1464 470; baseline 0 -14"><span class='ocrx_word' id='word_1_28' title='bbox 281 418 439 469; x_wconf 87' lang='lat' dir='ltr'>Templa</span> <span class='ocrx_word' id='word_1_29' title='bbox 471 423 604 469; x_wconf 88' lang='lat' dir='ltr'>patent</span> <span class='ocrx_word' id='word_1_30' title='bbox 635 430 827 468; x_wconf 87' lang='lat' dir='ltr'>auresque</span> <span class='ocrx_word' id='word_1_31' title='bbox 859 418 1002 470; x_wconf 91' lang='lat' dir='ltr'>deum,</span> <span class='ocrx_word' id='word_1_32' title='bbox 1035 431 1107 458; x_wconf 85' lang='lat' dir='ltr'>nec</span> <span class='ocrx_word' id='word_1_33' title='bbox 1139 419 1269 469; x_wconf 85' lang='lat' dir='ltr'>lingua</span> <span class='ocrx_word' id='word_1_34' title='bbox 1301 417 1464 456; x_wconf 86' lang='lat' dir='ltr'>caducas</span> 
     </span>
     <span class='ocr_line' id='line_1_7' title="bbox 341 473 1436 527; baseline 0 -13"><span class='ocrx_word' id='word_1_35' title='bbox 341 475 519 526; x_wconf 84' lang='lat' dir='ltr'>Concipit</span> <span class='ocrx_word' id='word_1_36' title='bbox 550 476 625 514; x_wconf 89' lang='lat' dir='ltr'>ulla</span> <span class='ocrx_word' id='word_1_37' title='bbox 656 487 794 526; x_wconf 84' lang='lat' dir='ltr'><strong>preces</strong></span> <span class='ocrx_word' id='word_1_38' title='bbox 813 507 823 526; x_wconf 94' lang='lat'>,</span> <span class='ocrx_word' id='word_1_39' title='bbox 856 476 1034 527; x_wconf 90' lang='lat' dir='ltr'>dictaque</span> <span class='ocrx_word' id='word_1_40' title='bbox 1065 477 1217 527; x_wconf 85' lang='lat' dir='ltr'>pondus</span> <span class='ocrx_word' id='word_1_41' title='bbox 1249 473 1436 515; x_wconf 89' lang='lat' dir='ltr'>habent.&#39;</span> 
     </span>
     <span class='ocr_line' id='line_1_8' title="bbox 285 533 1212 587; baseline 0.001 -15"><span class='ocrx_word' id='word_1_42' title='bbox 285 533 461 572; x_wconf 83' lang='lat' dir='ltr'>Desierat</span> <span class='ocrx_word' id='word_1_43' title='bbox 492 533 628 572; x_wconf 87' lang='lat' dir='ltr'>Ianus.</span> <span class='ocrx_word' id='word_1_44' title='bbox 686 545 758 572; x_wconf 88' lang='lat' dir='ltr'>nec</span> <span class='ocrx_word' id='word_1_45' title='bbox 789 533 901 584; x_wconf 89' lang='lat' dir='ltr'>longa</span> <span class='ocrx_word' id='word_1_46' title='bbox 933 534 1083 573; x_wconf 81' lang='lat' dir='ltr'>silentia</span> <span class='ocrx_word' id='word_1_47' title='bbox 1115 535 1212 587; x_wconf 85' lang='lat' dir='ltr'>feci,</span> 
     </span>
     <span class='ocr_line' id='line_1_9' title="bbox 342 591 1181 642; baseline 0.002 -13"><span class='ocrx_word' id='word_1_48' title='bbox 342 591 416 630; x_wconf 86' lang='lat' dir='ltr'>Sed</span> <span class='ocrx_word' id='word_1_49' title='bbox 449 593 559 642; x_wconf 85' lang='lat' dir='ltr'>tetigi</span> <span class='ocrx_word' id='word_1_50' title='bbox 591 591 719 630; x_wconf 82' lang='lat' dir='ltr'>verbis</span> <span class='ocrx_word' id='word_1_51' title='bbox 751 591 885 630; x_wconf 85' lang='lat' dir='ltr'>ultima</span> <span class='ocrx_word' id='word_1_52' title='bbox 916 592 1032 630; x_wconf 86' lang='lat' dir='ltr'>verba</span> <span class='ocrx_word' id='word_1_53' title='bbox 1062 594 1181 632; x_wconf 88' lang='lat' dir='ltr'>meis:</span> 
     </span>
     <span class='ocr_line' id='line_1_10' title="bbox 197 647 1315 701; baseline 0 -13"><span class='ocrx_word' id='word_1_54' title='bbox 197 658 261 689; x_wconf 82' lang='lat'>185</span> <span class='ocrx_word' id='word_1_55' title='bbox 284 647 403 694; x_wconf 71' lang='lat' dir='ltr'>‘Quid</span> <span class='ocrx_word' id='word_1_56' title='bbox 436 649 515 688; x_wconf 79' lang='lat' dir='ltr'>volt</span> <span class='ocrx_word' id='word_1_57' title='bbox 545 649 669 700; x_wconf 90' lang='lat' dir='ltr'>palma</span> <span class='ocrx_word' id='word_1_58' title='bbox 702 648 776 687; x_wconf 90' lang='lat' dir='ltr'>sibi</span> <span class='ocrx_word' id='word_1_59' title='bbox 807 662 1026 701; x_wconf 83' lang='lat' dir='ltr'>rugosaque</span> <span class='ocrx_word' id='word_1_60' title='bbox 1058 647 1202 688; x_wconf 86' lang='lat' dir='ltr'>carica&#39;</span> <span class='ocrx_word' id='word_1_61' title='bbox 1236 649 1315 688; x_wconf 82' lang='lat' dir='ltr'>dixi</span> 
     </span>
     <span class='ocr_line' id='line_1_11' title="bbox 343 704 1288 746; baseline 0 -1"><span class='ocrx_word' id='word_1_62' title='bbox 343 704 413 745; x_wconf 69' lang='lat' dir='ltr'>‘Et</span> <span class='ocrx_word' id='word_1_63' title='bbox 444 707 531 746; x_wconf 88' lang='lat' dir='ltr'>data</span> <span class='ocrx_word' id='word_1_64' title='bbox 563 707 634 746; x_wconf 87' lang='lat' dir='ltr'>sub</span> <span class='ocrx_word' id='word_1_65' title='bbox 667 708 777 746; x_wconf 81' lang='lat' dir='ltr'>niveo</span> <span class='ocrx_word' id='word_1_66' title='bbox 811 708 963 746; x_wconf 86' lang='lat' dir='ltr'>condita</span> <span class='ocrx_word' id='word_1_67' title='bbox 995 708 1106 746; x_wconf 90' lang='lat' dir='ltr'>mella</span> <span class='ocrx_word' id='word_1_68' title='bbox 1139 707 1232 746; x_wconf 88' lang='lat' dir='ltr'>cado</span> <span class='ocrx_word' id='word_1_69' title='bbox 1247 704 1288 746; x_wconf 61' lang='grc' dir='ltr'>’θ’</span> 
     </span>
     <span class='ocr_line' id='line_1_12' title="bbox 283 762 1474 817; baseline -0.002 -13"><span class='ocrx_word' id='word_1_70' title='bbox 283 762 449 804; x_wconf 74' lang='lat' dir='ltr'>‘Omen&#39;</span> <span class='ocrx_word' id='word_1_71' title='bbox 483 767 535 804; x_wconf 87' lang='lat' dir='ltr'>ait</span> <span class='ocrx_word' id='word_1_72' title='bbox 567 762 704 804; x_wconf 67' lang='lat' dir='ltr'>ecausa</span> <span class='ocrx_word' id='word_1_73' title='bbox 736 771 822 817; x_wconf 80' lang='lat' dir='ltr'>est3</span> <span class='ocrx_word' id='word_1_74' title='bbox 854 771 898 803; x_wconf 91' lang='lat' dir='ltr'>ut</span> <span class='ocrx_word' id='word_1_75' title='bbox 929 777 991 804; x_wconf 90' lang='lat' dir='ltr'>res</span> <span class='ocrx_word' id='word_1_76' title='bbox 1025 777 1137 816; x_wconf 90' lang='lat' dir='ltr'>sapor</span> <span class='ocrx_word' id='word_1_77' title='bbox 1168 765 1232 803; x_wconf 85' lang='lat' dir='ltr'>ille</span> <span class='ocrx_word' id='word_1_78' title='bbox 1265 770 1474 816; x_wconf 86' lang='lat' dir='ltr'>sequatur,</span> 
     </span>
     <span class='ocr_line' id='line_1_13' title="bbox 342 819 1328 874; baseline 0 -13"><span class='ocrx_word' id='word_1_79' title='bbox 342 823 390 861; x_wconf 88' lang='lat' dir='ltr'>Et</span> <span class='ocrx_word' id='word_1_80' title='bbox 421 828 579 874; x_wconf 86' lang='lat' dir='ltr'>peragat</span> <span class='ocrx_word' id='word_1_81' title='bbox 612 828 791 874; x_wconf 88' lang='lat' dir='ltr'>coeptum</span> <span class='ocrx_word' id='word_1_82' title='bbox 824 822 948 862; x_wconf 90' lang='lat' dir='ltr'>dulcis</span> <span class='ocrx_word' id='word_1_83' title='bbox 980 829 1023 862; x_wconf 88' lang='lat' dir='ltr'>ut</span> <span class='ocrx_word' id='word_1_84' title='bbox 1055 835 1178 861; x_wconf 89' lang='lat' dir='ltr'>annus</span> <span class='ocrx_word' id='word_1_85' title='bbox 1209 819 1328 861; x_wconf 86' lang='lat' dir='ltr'>iter.&#39;</span> 
     </span>
     <span class='ocr_line' id='line_1_14' title="bbox 286 878 1433 932; baseline 0.001 -14"><span class='ocrx_word' id='word_1_86' title='bbox 286 878 441 919; x_wconf 70' lang='lat' dir='ltr'>‘Dulcia</span> <span class='ocrx_word' id='word_1_87' title='bbox 473 893 543 920; x_wconf 85' lang='lat' dir='ltr'>cur</span> <span class='ocrx_word' id='word_1_88' title='bbox 575 881 746 932; x_wconf 89' lang='lat' dir='ltr'>dentur,</span> <span class='ocrx_word' id='word_1_89' title='bbox 777 881 886 919; x_wconf 88' lang='lat' dir='ltr'>video</span> <span class='ocrx_word' id='word_1_90' title='bbox 907 912 915 920; x_wconf 91' lang='lat'><strong>.</strong></span> <span class='ocrx_word' id='word_1_91' title='bbox 973 883 1084 932; x_wconf 84' lang='lat' dir='ltr'>stipis</span> <span class='ocrx_word' id='word_1_92' title='bbox 1116 881 1224 919; x_wconf 82' lang='lat' dir='ltr'>adice</span> <span class='ocrx_word' id='word_1_93' title='bbox 1256 892 1433 932; x_wconf 89' lang='lat' dir='ltr'>causam,</span> 
     </span>
     <span class='ocr_line' id='line_1_15' title="bbox 200 935 1235 978; baseline 0 -1"><span class='ocrx_word' id='word_1_94' title='bbox 200 947 264 978; x_wconf 84' lang='lat'>190</span> <span class='ocrx_word' id='word_1_95' title='bbox 343 938 436 977; x_wconf 91' lang='lat' dir='ltr'>Pars</span> <span class='ocrx_word' id='word_1_96' title='bbox 468 939 563 978; x_wconf 89' lang='lat' dir='ltr'>mihi</span> <span class='ocrx_word' id='word_1_97' title='bbox 595 939 641 977; x_wconf 91' lang='lat' dir='ltr'>de</span> <span class='ocrx_word' id='word_1_98' title='bbox 673 939 772 977; x_wconf 85' lang='lat' dir='ltr'>sesto</span> <span class='ocrx_word' id='word_1_99' title='bbox 805 951 852 977; x_wconf 89' lang='lat' dir='ltr'>ne</span> <span class='ocrx_word' id='word_1_100' title='bbox 885 938 987 977; x_wconf 86' lang='lat' dir='ltr'>labet</span> <span class='ocrx_word' id='word_1_101' title='bbox 1017 939 1093 977; x_wconf 89' lang='lat' dir='ltr'>ulla</span> <span class='ocrx_word' id='word_1_102' title='bbox 1127 935 1235 977; x_wconf 57' lang='lat' dir='ltr'>tuo?</span> 
     </span>
     <span class='ocr_line' id='line_1_16' title="bbox 283 993 1394 1048; baseline 0 -13"><span class='ocrx_word' id='word_1_103' title='bbox 283 996 411 1044; x_wconf 81' lang='lat' dir='ltr'>Risit,</span> <span class='ocrx_word' id='word_1_104' title='bbox 444 1002 482 1035; x_wconf 87' lang='lat' dir='ltr'>et</span> <span class='ocrx_word' id='word_1_105' title='bbox 515 994 556 1034; x_wconf 69' lang='lat' dir='ltr'>‘o</span> <span class='ocrx_word' id='word_1_106' title='bbox 584 1009 698 1048; x_wconf 86' lang='lat' dir='ltr'>quam</span> <span class='ocrx_word' id='word_1_107' title='bbox 730 1002 768 1035; x_wconf 84' lang='lat' dir='ltr'>te</span> <span class='ocrx_word' id='word_1_108' title='bbox 800 996 936 1035; x_wconf 86' lang='lat' dir='ltr'>fallunt</span> <span class='ocrx_word' id='word_1_109' title='bbox 967 1002 1033 1035; x_wconf 89' lang='lat' dir='ltr'>tua</span> <span class='ocrx_word' id='word_1_110' title='bbox 1065 996 1216 1035; x_wconf 86' lang='lat' dir='ltr'>saecula</span> <span class='ocrx_word' id='word_1_111' title='bbox 1235 993 1265 1047; x_wconf 89' lang='lat'>,&#39;</span> <span class='ocrx_word' id='word_1_112' title='bbox 1299 996 1394 1034; x_wconf 82' lang='lat' dir='ltr'>dixit</span> 
     </span>
     <span class='ocr_line' id='line_1_17' title="bbox 343 1051 1329 1105; baseline 0 -13"><span class='ocrx_word' id='word_1_113' title='bbox 343 1051 438 1099; x_wconf 70' lang='lat' dir='ltr'>‘Qui</span> <span class='ocrx_word' id='word_1_114' title='bbox 470 1056 570 1104; x_wconf 89' lang='lat' dir='ltr'>stipe</span> <span class='ocrx_word' id='word_1_115' title='bbox 602 1054 677 1093; x_wconf 91' lang='lat' dir='ltr'>mel</span> <span class='ocrx_word' id='word_1_116' title='bbox 709 1061 861 1105; x_wconf 89' lang='lat' dir='ltr'>sumpta</span> <span class='ocrx_word' id='word_1_117' title='bbox 893 1054 1044 1093; x_wconf 86' lang='lat' dir='ltr'>dulcius</span> <span class='ocrx_word' id='word_1_118' title='bbox 1077 1067 1161 1093; x_wconf 88' lang='lat' dir='ltr'>esse</span> <span class='ocrx_word' id='word_1_119' title='bbox 1193 1053 1329 1104; x_wconf 80' lang='lat' dir='ltr'>putas!</span> 
     </span>
     <span class='ocr_line' id='line_1_18' title="bbox 283 1111 1371 1162; baseline 0.003 -15"><span class='ocrx_word' id='word_1_120' title='bbox 283 1111 353 1149; x_wconf 80' lang='lat' dir='ltr'>Vix</span> <span class='ocrx_word' id='word_1_121' title='bbox 385 1124 455 1162; x_wconf 85' lang='lat' dir='ltr'>ego</span> <span class='ocrx_word' id='word_1_122' title='bbox 489 1112 657 1151; x_wconf 86' lang='lat' dir='ltr'>Saturno</span> <span class='ocrx_word' id='word_1_123' title='bbox 691 1124 925 1162; x_wconf 90' lang='lat' dir='ltr'>quemquam</span> <span class='ocrx_word' id='word_1_124' title='bbox 956 1118 1142 1162; x_wconf 77' lang='lat' dir='ltr'>regnante</span> <span class='ocrx_word' id='word_1_125' title='bbox 1174 1111 1371 1162; x_wconf 83' lang='lat' dir='ltr'>videbam,</span> 
     </span>
     <span class='ocr_line' id='line_1_19' title="bbox 345 1169 1213 1208; baseline 0.001 -1"><span class='ocrx_word' id='word_1_126' title='bbox 345 1169 464 1208; x_wconf 91' lang='lat' dir='ltr'>Cuius</span> <span class='ocrx_word' id='word_1_127' title='bbox 496 1181 574 1208; x_wconf 89' lang='lat' dir='ltr'>non</span> <span class='ocrx_word' id='word_1_128' title='bbox 607 1171 732 1207; x_wconf 89' lang='lat' dir='ltr'>animo</span> <span class='ocrx_word' id='word_1_129' title='bbox 766 1169 892 1208; x_wconf 88' lang='lat' dir='ltr'>dulcia</span> <span class='ocrx_word' id='word_1_130' title='bbox 923 1170 1031 1208; x_wconf 87' lang='lat' dir='ltr'>lucra</span> <span class='ocrx_word' id='word_1_131' title='bbox 1062 1170 1213 1208; x_wconf 86' lang='lat' dir='ltr'>forent.</span> 
     </span>
     <span class='ocr_line' id='line_1_20' title="bbox 199 1227 1353 1279; baseline 0 -13"><span class='ocrx_word' id='word_1_132' title='bbox 199 1236 262 1266; x_wconf 83' lang='lat'>195</span> <span class='ocrx_word' id='word_1_133' title='bbox 284 1227 475 1279; x_wconf 80' lang='lat' dir='ltr'>Tempore</span> <span class='ocrx_word' id='word_1_134' title='bbox 510 1228 631 1266; x_wconf 85' lang='lat' dir='ltr'>crevit</span> <span class='ocrx_word' id='word_1_135' title='bbox 662 1239 769 1266; x_wconf 88' lang='lat' dir='ltr'>amor</span> <span class='ocrx_word' id='word_1_136' title='bbox 788 1258 799 1279; x_wconf 94' lang='lat'>,</span> <span class='ocrx_word' id='word_1_137' title='bbox 832 1229 899 1278; x_wconf 88' lang='lat' dir='ltr'>qui</span> <span class='ocrx_word' id='word_1_138' title='bbox 929 1240 1033 1266; x_wconf 89' lang='lat' dir='ltr'>nunc</span> <span class='ocrx_word' id='word_1_139' title='bbox 1065 1233 1125 1266; x_wconf 83' lang='lat' dir='ltr'>est</span> <span class='ocrx_word' id='word_1_140' title='bbox 1156 1239 1353 1279; x_wconf 60' lang='lat' dir='ltr'>summm,</span> 
     </span>
     <span class='ocr_line' id='line_1_21' title="bbox 1005 1285 1190 1324; baseline 0.005 -1"><span class='ocrx_word' id='word_1_141' title='bbox 1005 1285 1190 1324; x_wconf 88' lang='lat' dir='ltr'>habendi.</span> 
     </span>
     <span class='ocr_line' id='line_1_22' title="bbox 341 1343 1289 1395; baseline 0 -14"><span class='ocrx_word' id='word_1_142' title='bbox 341 1343 411 1382; x_wconf 79' lang='lat' dir='ltr'>Vix</span> <span class='ocrx_word' id='word_1_143' title='bbox 443 1343 573 1395; x_wconf 86' lang='lat' dir='ltr'>ultra,</span> <span class='ocrx_word' id='word_1_144' title='bbox 606 1355 681 1394; x_wconf 91' lang='lat' dir='ltr'>quo</span> <span class='ocrx_word' id='word_1_145' title='bbox 713 1344 789 1382; x_wconf 89' lang='lat' dir='ltr'>iam</span> <span class='ocrx_word' id='word_1_146' title='bbox 820 1343 1120 1395; x_wconf 87' lang='lat' dir='ltr'>progrediatur,</span> <span class='ocrx_word' id='word_1_147' title='bbox 1152 1343 1289 1382; x_wconf 85' lang='lat' dir='ltr'>habet.</span> 
     </span>
     <span class='ocr_line' id='line_1_23' title="bbox 284 1401 1493 1453; baseline 0 -14"><span class='ocrx_word' id='word_1_148' title='bbox 284 1401 411 1440; x_wconf 91' lang='lat' dir='ltr'>Pluris</span> <span class='ocrx_word' id='word_1_149' title='bbox 443 1413 537 1452; x_wconf 91' lang='lat' dir='ltr'>opes</span> <span class='ocrx_word' id='word_1_150' title='bbox 564 1413 667 1440; x_wconf 87' lang='lat' dir='ltr'>nunc</span> <span class='ocrx_word' id='word_1_151' title='bbox 701 1407 820 1453; x_wconf 87' lang='lat' dir='ltr'>sunt,</span> <span class='ocrx_word' id='word_1_152' title='bbox 853 1413 967 1452; x_wconf 88' lang='lat' dir='ltr'>quam</span> <span class='ocrx_word' id='word_1_153' title='bbox 993 1402 1113 1453; x_wconf 86' lang='lat' dir='ltr'>prisci</span> <span class='ocrx_word' id='word_1_154' title='bbox 1144 1401 1330 1452; x_wconf 89' lang='lat' dir='ltr'>temporis</span> <span class='ocrx_word' id='word_1_155' title='bbox 1363 1401 1493 1452; x_wconf 80' lang='lat' dir='ltr'>annis,</span> 
     </span>
     <span class='ocr_line' id='line_1_24' title="bbox 342 1459 1379 1510; baseline 0.001 -13"><span class='ocrx_word' id='word_1_156' title='bbox 342 1459 441 1497; x_wconf 86' lang='lat' dir='ltr'>Dum</span> <span class='ocrx_word' id='word_1_157' title='bbox 473 1459 640 1510; x_wconf 89' lang='lat' dir='ltr'>populus</span> <span class='ocrx_word' id='word_1_158' title='bbox 672 1471 848 1510; x_wconf 82' lang='lat' dir='ltr'>pauper,</span> <span class='ocrx_word' id='word_1_159' title='bbox 881 1459 972 1497; x_wconf 90' lang='lat' dir='ltr'>dum</span> <span class='ocrx_word' id='word_1_160' title='bbox 1003 1471 1099 1498; x_wconf 91' lang='lat' dir='ltr'>nova</span> <span class='ocrx_word' id='word_1_161' title='bbox 1131 1459 1251 1497; x_wconf 87' lang='lat' dir='ltr'>Roma</span> <span class='ocrx_word' id='word_1_162' title='bbox 1283 1459 1379 1498; x_wconf 83' lang='lat' dir='ltr'>suit:</span> 
     </span>
     <span class='ocr_line' id='line_1_25' title="bbox 285 1516 1401 1569; baseline 0 -14"><span class='ocrx_word' id='word_1_163' title='bbox 285 1516 383 1556; x_wconf 87' lang='lat' dir='ltr'>Dum</span> <span class='ocrx_word' id='word_1_164' title='bbox 416 1529 503 1555; x_wconf 86' lang='lat' dir='ltr'>casa</span> <span class='ocrx_word' id='word_1_165' title='bbox 534 1516 785 1567; x_wconf 81' lang='lat' dir='ltr'>Martigenam</span> <span class='ocrx_word' id='word_1_166' title='bbox 818 1516 993 1567; x_wconf 85' lang='lat' dir='ltr'>capiebat</span> <span class='ocrx_word' id='word_1_167' title='bbox 1024 1529 1140 1567; x_wconf 85' lang='lat' dir='ltr'>parva</span> <span class='ocrx_word' id='word_1_168' title='bbox 1173 1517 1401 1569; x_wconf 81' lang='lat' dir='ltr'>Quirinum,</span> 
     </span>
     <span class='ocr_line' id='line_1_26' title="bbox 198 1574 1256 1625; baseline 0 -13"><span class='ocrx_word' id='word_1_169' title='bbox 198 1582 264 1614; x_wconf 79' lang='lat'>200</span> <span class='ocrx_word' id='word_1_170' title='bbox 343 1575 392 1613; x_wconf 87' lang='lat' dir='ltr'>Et</span> <span class='ocrx_word' id='word_1_171' title='bbox 424 1574 538 1613; x_wconf 88' lang='lat' dir='ltr'>dabat</span> <span class='ocrx_word' id='word_1_172' title='bbox 570 1576 750 1625; x_wconf 84' lang='lat' dir='ltr'>exiguum</span> <span class='ocrx_word' id='word_1_173' title='bbox 782 1574 953 1612; x_wconf 85' lang='lat' dir='ltr'>fluminis</span> <span class='ocrx_word' id='word_1_174' title='bbox 986 1575 1072 1613; x_wconf 85' lang='lat' dir='ltr'>ulva</span> <span class='ocrx_word' id='word_1_175' title='bbox 1104 1580 1256 1613; x_wconf 88' lang='lat' dir='ltr'>torum.</span> 
     </span>
     <span class='ocr_line' id='line_1_27' title="bbox 285 1632 1259 1684; baseline -0.001 -13"><span class='ocrx_word' id='word_1_176' title='bbox 285 1633 460 1683; x_wconf 89' lang='lat' dir='ltr'>Iuppiter</span> <span class='ocrx_word' id='word_1_177' title='bbox 491 1639 653 1682; x_wconf 83' lang='lat' dir='ltr'>angusta</span> <span class='ocrx_word' id='word_1_178' title='bbox 684 1634 746 1670; x_wconf 83' lang='lat' dir='ltr'>vix</span> <span class='ocrx_word' id='word_1_179' title='bbox 777 1638 882 1670; x_wconf 85' lang='lat' dir='ltr'>totus</span> <span class='ocrx_word' id='word_1_180' title='bbox 916 1632 1040 1671; x_wconf 84' lang='lat' dir='ltr'>stabat</span> <span class='ocrx_word' id='word_1_181' title='bbox 1070 1634 1110 1670; x_wconf 93' lang='lat' dir='ltr'>in</span> <span class='ocrx_word' id='word_1_182' title='bbox 1142 1633 1259 1684; x_wconf 84' lang='lat' dir='ltr'>aede,</span> 
     </span>
     <span class='ocr_line' id='line_1_28' title="bbox 345 1690 1226 1741; baseline 0 -13"><span class='ocrx_word' id='word_1_183' title='bbox 345 1690 467 1741; x_wconf 89' lang='lat' dir='ltr'>Inque</span> <span class='ocrx_word' id='word_1_184' title='bbox 498 1690 597 1729; x_wconf 88' lang='lat' dir='ltr'>Iovis</span> <span class='ocrx_word' id='word_1_185' title='bbox 630 1690 764 1728; x_wconf 82' lang='lat' dir='ltr'>dextra</span> <span class='ocrx_word' id='word_1_186' title='bbox 795 1690 912 1728; x_wconf 86' lang='lat' dir='ltr'>fictile</span> <span class='ocrx_word' id='word_1_187' title='bbox 944 1690 1089 1728; x_wconf 88' lang='lat' dir='ltr'>fulmen</span> <span class='ocrx_word' id='word_1_188' title='bbox 1121 1696 1226 1729; x_wconf 86' lang='lat' dir='ltr'>erat.</span> 
     </span>
     <span class='ocr_line' id='line_1_29' title="bbox 287 1747 1457 1799; baseline 0 -13"><span class='ocrx_word' id='word_1_189' title='bbox 287 1748 507 1787; x_wconf 89' lang='lat' dir='ltr'>Frondibus</span> <span class='ocrx_word' id='word_1_190' title='bbox 539 1747 757 1799; x_wconf 87' lang='lat' dir='ltr'>ornabant,</span> <span class='ocrx_word' id='word_1_191' title='bbox 790 1760 887 1798; x_wconf 90' lang='lat' dir='ltr'>quae</span> <span class='ocrx_word' id='word_1_192' title='bbox 919 1760 1023 1786; x_wconf 91' lang='lat' dir='ltr'>nunc</span> <span class='ocrx_word' id='word_1_193' title='bbox 1055 1748 1241 1798; x_wconf 87' lang='lat' dir='ltr'>Capitolia</span> <span class='ocrx_word' id='word_1_194' title='bbox 1272 1749 1457 1799; x_wconf 86' lang='lat' dir='ltr'>gemmis,</span> 
     </span>
     <span class='ocr_line' id='line_1_30' title="bbox 344 1805 1179 1857; baseline -0.001 -12"><span class='ocrx_word' id='word_1_195' title='bbox 344 1805 609 1857; x_wconf 88' lang='lat' dir='ltr'>Pascebatque</span> <span class='ocrx_word' id='word_1_196' title='bbox 642 1818 731 1844; x_wconf 88' lang='lat' dir='ltr'>suas</span> <span class='ocrx_word' id='word_1_197' title='bbox 762 1807 845 1856; x_wconf 88' lang='lat' dir='ltr'>ipse</span> <span class='ocrx_word' id='word_1_198' title='bbox 878 1811 1034 1844; x_wconf 89' lang='lat' dir='ltr'>senator</span> <span class='ocrx_word' id='word_1_199' title='bbox 1067 1818 1179 1845; x_wconf 85' lang='lat' dir='ltr'>oves:</span> 
     </span>
     <span class='ocr_line' id='line_1_31' title="bbox 201 1863 1403 1915; baseline 0 -12"><span class='ocrx_word' id='word_1_200' title='bbox 201 1872 267 1903; x_wconf 83' lang='lat'>205</span> <span class='ocrx_word' id='word_1_201' title='bbox 288 1864 368 1903; x_wconf 85' lang='lat' dir='ltr'>Nec</span> <span class='ocrx_word' id='word_1_202' title='bbox 400 1864 554 1915; x_wconf 87' lang='lat' dir='ltr'>pudor,</span> <span class='ocrx_word' id='word_1_203' title='bbox 585 1865 626 1902; x_wconf 91' lang='lat' dir='ltr'>in</span> <span class='ocrx_word' id='word_1_204' title='bbox 657 1863 798 1914; x_wconf 86' lang='lat' dir='ltr'>stipula</span> <span class='ocrx_word' id='word_1_205' title='bbox 829 1863 1018 1914; x_wconf 85' lang='lat' dir='ltr'>placidam</span> <span class='ocrx_word' id='word_1_206' title='bbox 1050 1865 1200 1915; x_wconf 89' lang='lat' dir='ltr'>cepisse</span> <span class='ocrx_word' id='word_1_207' title='bbox 1232 1865 1403 1915; x_wconf 89' lang='lat' dir='ltr'>quietem</span> 
     </span>
     <span class='ocr_line' id='line_1_32' title="bbox 346 1922 1141 1972; baseline -0.001 -11"><span class='ocrx_word' id='word_1_208' title='bbox 346 1922 395 1961; x_wconf 91' lang='lat' dir='ltr'>Et</span> <span class='ocrx_word' id='word_1_209' title='bbox 427 1923 581 1960; x_wconf 87' lang='lat' dir='ltr'>faenum</span> <span class='ocrx_word' id='word_1_210' title='bbox 614 1923 731 1972; x_wconf 84' lang='lat' dir='ltr'>capiti</span> <span class='ocrx_word' id='word_1_211' title='bbox 762 1924 1014 1972; x_wconf 87' lang='lat' dir='ltr'>supposuisse</span> <span class='ocrx_word' id='word_1_212' title='bbox 1047 1923 1141 1960; x_wconf 84' lang='lat' dir='ltr'>suit.</span> 
     </span>
     <span class='ocr_line' id='line_1_33' title="bbox 288 1979 1379 2032; baseline 0.001 -14"><span class='ocrx_word' id='word_1_213' title='bbox 288 1980 377 2019; x_wconf 91' lang='lat' dir='ltr'>Iura</span> <span class='ocrx_word' id='word_1_214' title='bbox 409 1979 523 2019; x_wconf 88' lang='lat' dir='ltr'>dabat</span> <span class='ocrx_word' id='word_1_215' title='bbox 553 1980 706 2031; x_wconf 90' lang='lat' dir='ltr'>populis</span> <span class='ocrx_word' id='word_1_216' title='bbox 738 1981 865 2030; x_wconf 87' lang='lat' dir='ltr'>posito</span> <span class='ocrx_word' id='word_1_217' title='bbox 897 1979 1009 2018; x_wconf 90' lang='lat' dir='ltr'>modo</span> <span class='ocrx_word' id='word_1_218' title='bbox 1042 1986 1198 2030; x_wconf 78' lang='lat' dir='ltr'>praetor</span> <span class='ocrx_word' id='word_1_219' title='bbox 1231 1986 1379 2032; x_wconf 86' lang='lat' dir='ltr'>aratro,</span> 
     </span>
     <span class='ocr_line' id='line_1_34' title="bbox 346 2037 1228 2088; baseline 0.001 -12"><span class='ocrx_word' id='word_1_220' title='bbox 346 2038 395 2077; x_wconf 86' lang='lat' dir='ltr'>Et</span> <span class='ocrx_word' id='word_1_221' title='bbox 426 2038 520 2076; x_wconf 85' lang='lat' dir='ltr'>levis</span> <span class='ocrx_word' id='word_1_222' title='bbox 553 2040 703 2088; x_wconf 85' lang='lat' dir='ltr'>argenti</span> <span class='ocrx_word' id='word_1_223' title='bbox 733 2037 912 2076; x_wconf 87' lang='lat' dir='ltr'>lammina</span> <span class='ocrx_word' id='word_1_224' title='bbox 945 2039 1091 2076; x_wconf 88' lang='lat' dir='ltr'>crimen</span> <span class='ocrx_word' id='word_1_225' title='bbox 1125 2043 1228 2077; x_wconf 86' lang='lat' dir='ltr'>erat.</span> 
     </span>
     <span class='ocr_line' id='line_1_35' title="bbox 289 2095 1351 2148; baseline 0 -14"><span class='ocrx_word' id='word_1_226' title='bbox 289 2096 337 2135; x_wconf 82' lang='lat' dir='ltr'>At</span> <span class='ocrx_word' id='word_1_227' title='bbox 367 2102 573 2147; x_wconf 84' lang='lat' dir='ltr'>postquam</span> <span class='ocrx_word' id='word_1_228' title='bbox 605 2096 761 2134; x_wconf 86' lang='lat' dir='ltr'>fortuna</span> <span class='ocrx_word' id='word_1_229' title='bbox 791 2095 866 2134; x_wconf 92' lang='lat' dir='ltr'>loci</span> <span class='ocrx_word' id='word_1_230' title='bbox 898 2101 1013 2146; x_wconf 88' lang='lat' dir='ltr'>caput</span> <span class='ocrx_word' id='word_1_231' title='bbox 1045 2095 1182 2134; x_wconf 82' lang='lat' dir='ltr'>extulit</span> <span class='ocrx_word' id='word_1_232' title='bbox 1212 2095 1351 2148; x_wconf 88' lang='lat' dir='ltr'>huius,</span> 
     </span>
     <span class='ocr_line' id='line_1_36' title="bbox 202 2153 1213 2205; baseline -0.001 -13"><span class='ocrx_word' id='word_1_233' title='bbox 202 2162 269 2193; x_wconf 81' lang='lat'>210</span> <span class='ocrx_word' id='word_1_234' title='bbox 348 2153 397 2193; x_wconf 87' lang='lat' dir='ltr'>Et</span> <span class='ocrx_word' id='word_1_235' title='bbox 427 2155 555 2205; x_wconf 79' lang='lat' dir='ltr'>tetigit</span> <span class='ocrx_word' id='word_1_236' title='bbox 586 2166 736 2192; x_wconf 85' lang='lat' dir='ltr'>summo</span> <span class='ocrx_word' id='word_1_237' title='bbox 770 2155 912 2192; x_wconf 86' lang='lat' dir='ltr'>vertice</span> <span class='ocrx_word' id='word_1_238' title='bbox 944 2153 1063 2191; x_wconf 89' lang='lat' dir='ltr'>Roma</span> <span class='ocrx_word' id='word_1_239' title='bbox 1097 2153 1213 2204; x_wconf 90' lang='lat' dir='ltr'>deos,</span> 
     </span>
     <span class='ocr_line' id='line_1_37' title="bbox 291 2211 1293 2262; baseline -0.001 -12"><span class='ocrx_word' id='word_1_240' title='bbox 291 2211 507 2250; x_wconf 77' lang='lat' dir='ltr'>Creverunt</span> <span class='ocrx_word' id='word_1_241' title='bbox 539 2217 577 2250; x_wconf 93' lang='lat' dir='ltr'>et</span> <span class='ocrx_word' id='word_1_242' title='bbox 608 2224 701 2262; x_wconf 90' lang='lat' dir='ltr'>opes</span> <span class='ocrx_word' id='word_1_243' title='bbox 735 2216 773 2249; x_wconf 87' lang='lat' dir='ltr'>et</span> <span class='ocrx_word' id='word_1_244' title='bbox 804 2223 921 2262; x_wconf 88' lang='lat' dir='ltr'>opum</span> <span class='ocrx_word' id='word_1_245' title='bbox 953 2211 1098 2249; x_wconf 90' lang='lat' dir='ltr'>furiosa</span> <span class='ocrx_word' id='word_1_246' title='bbox 1130 2211 1293 2262; x_wconf 89' lang='lat' dir='ltr'>cupido,</span> 
     </span>
     <span class='ocr_line' id='line_1_38' title="bbox 348 2268 1363 2320; baseline 0 -13"><span class='ocrx_word' id='word_1_247' title='bbox 348 2269 426 2320; x_wconf 86' lang='lat' dir='ltr'>Et,</span> <span class='ocrx_word' id='word_1_248' title='bbox 459 2281 547 2307; x_wconf 91' lang='lat' dir='ltr'>cum</span> <span class='ocrx_word' id='word_1_249' title='bbox 579 2269 804 2320; x_wconf 87' lang='lat' dir='ltr'>possideant</span> <span class='ocrx_word' id='word_1_250' title='bbox 834 2268 1029 2320; x_wconf 87' lang='lat' dir='ltr'>plurima,</span> <span class='ocrx_word' id='word_1_251' title='bbox 1061 2268 1173 2319; x_wconf 91' lang='lat' dir='ltr'>plura</span> <span class='ocrx_word' id='word_1_252' title='bbox 1203 2274 1363 2320; x_wconf 82' lang='lat' dir='ltr'>petunt.</span> 
     </span>
    </p>
   </div>
  </div>
 </body>
</html>
