<?xml version="1.0" encoding="UTF-8"?>
<!DOCTYPE html PUBLIC "-//W3C//DTD XHTML 1.0 Transitional//EN"
    "http://www.w3.org/TR/xhtml1/DTD/xhtml1-transitional.dtd">
<html xmlns="http://www.w3.org/1999/xhtml" xml:lang="en" lang="en">
 <head>
  <title>
</title>
<meta http-equiv="Content-Type" content="text/html;charset=utf-8" />
  <meta name='ocr-system' content='tesseract 3.04.00' />
  <meta name='ocr-capabilities' content='ocr_page ocr_carea ocr_par ocr_line ocrx_word'/>
</head>
<body>
  <div class='ocr_page' id='page_1' title='image "./operaovid01oviduoft/operaovid01oviduoft_0027.png"; bbox 0 0 1601 2484; ppageno 0'>
   <div class='ocr_carea' id='block_1_1' title="bbox 1272 62 1394 96">
    <p class='ocr_par' dir='ltr' id='par_1_1' title="bbox 1272 62 1394 96">
     <span class='ocr_line' id='line_1_1' title="bbox 1272 62 1394 96; baseline 0 0"><span class='ocrx_word' id='word_1_1' title='bbox 1272 62 1394 96; x_wconf 78' lang='lat' dir='ltr'>XXIII</span> 
     </span>
    </p>
   </div>
   <div class='ocr_carea' id='block_1_2' title="bbox 57 170 1404 2322">
    <p class='ocr_par' dir='ltr' id='par_1_2' title="bbox 57 170 1404 2205">
     <span class='ocr_line' id='line_1_2' title="bbox 57 170 1391 223; baseline -0.002 -11"><span class='ocrx_word' id='word_1_2' title='bbox 57 174 306 223; x_wconf 86' lang='lat' dir='ltr'><em>imperatoris</em></span> <span class='ocrx_word' id='word_1_3' title='bbox 339 173 538 221; x_wconf 75' lang='lat' dir='ltr'>accipitur,</span> <span class='ocrx_word' id='word_1_4' title='bbox 570 171 632 209; x_wconf 89' lang='lat' dir='ltr'><em>cui</em></span> <span class='ocrx_word' id='word_1_5' title='bbox 662 171 704 208; x_wconf 91' lang='lat' dir='ltr'><em>in</em></span> <span class='ocrx_word' id='word_1_6' title='bbox 728 183 845 209; x_wconf 83' lang='lat' dir='ltr'><em>curru</em></span> <span class='ocrx_word' id='word_1_7' title='bbox 869 170 1101 219; x_wconf 87' lang='lat' dir='ltr'><em>triumphali</em></span> <span class='ocrx_word' id='word_1_8' title='bbox 1127 171 1278 220; x_wconf 85' lang='lat' dir='ltr'><em>effigies</em></span> <span class='ocrx_word' id='word_1_9' title='bbox 1303 184 1391 220; x_wconf 87' lang='lat' dir='ltr'><em>pro-</em></span> 
     </span>
     <span class='ocr_line' id='line_1_3' title="bbox 58 229 1392 278; baseline -0.004 -8"><span class='ocrx_word' id='word_1_10' title='bbox 58 233 207 271; x_wconf 89' lang='lat' dir='ltr'><em>vinciae</em></span> <span class='ocrx_word' id='word_1_11' title='bbox 233 232 381 269; x_wconf 88' lang='lat' dir='ltr'><em>affabre</em></span> <span class='ocrx_word' id='word_1_12' title='bbox 405 231 513 268; x_wconf 82' lang='lat' dir='ltr'><em>facta</em></span> <span class='ocrx_word' id='word_1_13' title='bbox 538 229 741 278; x_wconf 88' lang='lat' dir='ltr'><em>supposita</em></span> <span class='ocrx_word' id='word_1_14' title='bbox 758 230 847 278; x_wconf 85' lang='lat' dir='ltr'><em>fuit,</em></span> <span class='ocrx_word' id='word_1_15' title='bbox 872 230 983 267; x_wconf 83' lang='lat' dir='ltr'><em>velut</em></span> <span class='ocrx_word' id='word_1_16' title='bbox 1008 229 1177 278; x_wconf 85' lang='lat' dir='ltr'><em>legimus</em></span> <span class='ocrx_word' id='word_1_17' title='bbox 1199 230 1315 268; x_wconf 87' lang='lat' dir='ltr'><em>Trist.</em></span> <span class='ocrx_word' id='word_1_18' title='bbox 1336 229 1392 266; x_wconf 83' lang='lat' dir='ltr'><em>IV</em></span> 
     </span>
     <span class='ocr_line' id='line_1_4' title="bbox 59 288 1394 336; baseline -0.002 -8"><span class='ocrx_word' id='word_1_19' title='bbox 59 300 93 328; x_wconf 86' lang='grc' dir='ltr'><em>ΙΙ</em></span> <span class='ocrx_word' id='word_1_20' title='bbox 125 292 178 329; x_wconf 82' lang='lat'><em>43</em></span> <span class='ocrx_word' id='word_1_21' title='bbox 220 289 400 328; x_wconf 72' lang='lat' dir='ltr'><em>Crinibus</em></span> <span class='ocrx_word' id='word_1_22' title='bbox 435 291 560 336; x_wconf 80' lang='lat' dir='ltr'><em>fertur</em></span> <span class='ocrx_word' id='word_1_23' title='bbox 599 288 809 326; x_wconf 74' lang='lat' dir='ltr'><em>Germania</em></span> <span class='ocrx_word' id='word_1_24' title='bbox 838 290 987 336; x_wconf 85' lang='lat' dir='ltr'><em>passis,</em></span> <span class='ocrx_word' id='word_1_25' title='bbox 1031 288 1085 325; x_wconf 72' lang='lat' dir='ltr'><em>Et</em></span> <span class='ocrx_word' id='word_1_26' title='bbox 1121 289 1228 326; x_wconf 78' lang='lat' dir='ltr'><em>ducis</em></span> <span class='ocrx_word' id='word_1_27' title='bbox 1264 290 1394 326; x_wconf 74' lang='lat' dir='ltr'><em>invicti</em></span> 
     </span>
     <span class='ocr_line' id='line_1_5' title="bbox 58 346 1393 396; baseline -0.002 -9"><span class='ocrx_word' id='word_1_28' title='bbox 58 351 127 387; x_wconf 87' lang='lat' dir='ltr'><em>sub</em></span> <span class='ocrx_word' id='word_1_29' title='bbox 163 349 261 396; x_wconf 79' lang='lat' dir='ltr'><em>pede</em></span> <span class='ocrx_word' id='word_1_30' title='bbox 302 350 447 386; x_wconf 76' lang='lat' dir='ltr'><em>maesta</em></span> <span class='ocrx_word' id='word_1_31' title='bbox 489 348 600 389; x_wconf 71' lang='lat' dir='ltr'><em>sedet,</em></span> <span class='ocrx_word' id='word_1_32' title='bbox 644 346 757 384; x_wconf 85' lang='lat' dir='ltr'><em>Pont.</em></span> <span class='ocrx_word' id='word_1_33' title='bbox 795 346 835 383; x_wconf 88' lang='lat' dir='ltr'><em>II</em></span> <span class='ocrx_word' id='word_1_34' title='bbox 871 355 954 383; x_wconf 82' lang='lat' dir='ltr'><strong>VIII</strong></span> <span class='ocrx_word' id='word_1_35' title='bbox 994 347 1065 394; x_wconf 87' lang='grc'><em>39,</em></span> <span class='ocrx_word' id='word_1_36' title='bbox 1109 346 1169 383; x_wconf 90' lang='grc' dir='ltr'><em>ΙΙΙ</em></span> <span class='ocrx_word' id='word_1_37' title='bbox 1206 355 1254 384; x_wconf 85' lang='lat' dir='ltr'><em>IV</em></span> <span class='ocrx_word' id='word_1_38' title='bbox 1300 347 1393 384; x_wconf 84' lang='lat'>107.</span> 
     </span>
     <span class='ocr_line' id='line_1_6' title="bbox 58 404 1395 456; baseline -0.002 -12"><span class='ocrx_word' id='word_1_39' title='bbox 58 408 144 456; x_wconf 89' lang='lat' dir='ltr'><em>ipsa</em></span> <span class='ocrx_word' id='word_1_40' title='bbox 186 409 320 444; x_wconf 90' lang='lat' dir='ltr'><em>tamen</em></span> <span class='ocrx_word' id='word_1_41' title='bbox 362 406 483 443; x_wconf 86' lang='lat' dir='ltr'><em>verba</em></span> <span class='ocrx_word' id='word_1_42' title='bbox 526 404 575 441; x_wconf 87' lang='lat' dir='ltr'><em>ad</em></span> <span class='ocrx_word' id='word_1_43' title='bbox 623 404 860 441; x_wconf 82' lang='lat' dir='ltr'><em>locutionem</em></span> <span class='ocrx_word' id='word_1_44' title='bbox 901 404 1113 453; x_wconf 86' lang='lat' dir='ltr'><em>figuratam</em></span> <span class='ocrx_word' id='word_1_45' title='bbox 1156 406 1395 453; x_wconf 87' lang='lat' dir='ltr'><em>competunt,</em></span> 
     </span>
     <span class='ocr_line' id='line_1_7' title="bbox 60 462 1396 514; baseline -0.002 -12"><span class='ocrx_word' id='word_1_46' title='bbox 60 478 178 514; x_wconf 88' lang='lat' dir='ltr'><em>quam</em></span> <span class='ocrx_word' id='word_1_47' title='bbox 213 465 405 513; x_wconf 72' lang='lat' dir='ltr'>praebent</span> <span class='ocrx_word' id='word_1_48' title='bbox 441 463 552 500; x_wconf 85' lang='lat' dir='ltr'><em>Fasti</em></span> <span class='ocrx_word' id='word_1_49' title='bbox 591 462 610 499; x_wconf 91' lang='lat' dir='ltr'>I</span> <span class='ocrx_word' id='word_1_50' title='bbox 651 464 730 501; x_wconf 82' lang='lat'><em>701</em></span> <span class='ocrx_word' id='word_1_51' title='bbox 777 464 938 510; x_wconf 65' lang='lat' dir='ltr'><em>reliquia</em></span> <span class='ocrx_word' id='word_1_52' title='bbox 981 464 1121 500; x_wconf 73' lang='lat' dir='ltr'><em>catenis</em></span> <span class='ocrx_word' id='word_1_53' title='bbox 1155 463 1396 510; x_wconf 75' lang='lat' dir='ltr'><em>Iampridem</em></span> 
     </span>
     <span class='ocr_line' id='line_1_8' title="bbox 58 519 1391 570; baseline -0.003 -9"><span class='ocrx_word' id='word_1_54' title='bbox 58 527 180 562; x_wconf 75' lang='lat' dir='ltr'><em>vestro</em></span> <span class='ocrx_word' id='word_1_55' title='bbox 204 525 273 561; x_wconf 83' lang='lat' dir='ltr'><em>sub</em></span> <span class='ocrx_word' id='word_1_56' title='bbox 291 523 389 570; x_wconf 81' lang='lat' dir='ltr'><em>pede</em></span> <span class='ocrx_word' id='word_1_57' title='bbox 414 523 510 560; x_wconf 79' lang='lat' dir='ltr'><em>bella</em></span> <span class='ocrx_word' id='word_1_58' title='bbox 535 523 668 569; x_wconf 75' lang='lat' dir='ltr'><em>iacent,</em></span> <span class='ocrx_word' id='word_1_59' title='bbox 702 522 796 569; x_wconf 80' lang='lat'><em>645,</em></span> <span class='ocrx_word' id='word_1_60' title='bbox 830 521 947 558; x_wconf 85' lang='lat' dir='ltr'><em>Trist.</em></span> <span class='ocrx_word' id='word_1_61' title='bbox 968 519 1029 557; x_wconf 88' lang='lat' dir='ltr'><em>III</em></span> <span class='ocrx_word' id='word_1_62' title='bbox 1048 529 1115 558; x_wconf 87' lang='lat' dir='ltr'><em>XII</em></span> <span class='ocrx_word' id='word_1_63' title='bbox 1136 521 1204 569; x_wconf 83' lang='grc'><em>48,</em></span> <span class='ocrx_word' id='word_1_64' title='bbox 1235 520 1294 557; x_wconf 91' lang='lat' dir='ltr'><em>IV</em></span> <span class='ocrx_word' id='word_1_65' title='bbox 1314 529 1347 558; x_wconf 91' lang='lat'><em>11</em></span> <span class='ocrx_word' id='word_1_66' title='bbox 1369 522 1391 558; x_wconf 85' lang='lat'><strong>2</strong></span> 
     </span>
     <span class='ocr_line' id='line_1_9' title="bbox 60 579 1394 627; baseline -0.003 -7"><span class='ocrx_word' id='word_1_67' title='bbox 60 581 292 620; x_wconf 76' lang='lat' dir='ltr'><em>Caesaribus</em></span> <span class='ocrx_word' id='word_1_68' title='bbox 331 579 541 618; x_wconf 73' lang='lat' dir='ltr'><em>Germania</em></span> <span class='ocrx_word' id='word_1_69' title='bbox 575 580 684 618; x_wconf 74' lang='lat' dir='ltr'><em>Victa</em></span> <span class='ocrx_word' id='word_1_70' title='bbox 721 583 830 627; x_wconf 78' lang='lat' dir='ltr'><em>potes</em></span> <span class='ocrx_word' id='word_1_71' title='bbox 871 580 967 625; x_wconf 74' lang='lat' dir='ltr'><em>flexo</em></span> <span class='ocrx_word' id='word_1_72' title='bbox 1004 579 1244 616; x_wconf 74' lang='lat' dir='ltr'><em>succubuisse</em></span> <span class='ocrx_word' id='word_1_73' title='bbox 1277 591 1394 627; x_wconf 62' lang='lat' dir='ltr'><em>yeme,</em></span> 
     </span>
     <span class='ocr_line' id='line_1_10' title="bbox 58 636 1396 688; baseline -0.001 -11"><span class='ocrx_word' id='word_1_74' title='bbox 58 640 127 678; x_wconf 88' lang='lat' dir='ltr'><em>ubi</em></span> <span class='ocrx_word' id='word_1_75' title='bbox 159 652 274 688; x_wconf 90' lang='lat' dir='ltr'><em>quem</em></span> <span class='ocrx_word' id='word_1_76' title='bbox 307 638 518 676; x_wconf 87' lang='lat' dir='ltr'>admodum</span> <span class='ocrx_word' id='word_1_77' title='bbox 553 637 749 680; x_wconf 79' lang='lat' dir='ltr'><em>Caesares,</em></span> <span class='ocrx_word' id='word_1_78' title='bbox 782 636 927 675; x_wconf 82' lang='lat' dir='ltr'><em>Caesar</em></span> <span class='ocrx_word' id='word_1_79' title='bbox 957 639 1122 684; x_wconf 74' lang='lat' dir='ltr'><em>uterque,</em></span> <span class='ocrx_word' id='word_1_80' title='bbox 1155 639 1220 684; x_wconf 77' lang='lat' dir='ltr'><em>qui</em></span> <span class='ocrx_word' id='word_1_81' title='bbox 1245 639 1396 675; x_wconf 75' lang='lat' dir='ltr'><em>iuvenes</em></span> 
     </span>
     <span class='ocr_line' id='line_1_11' title="bbox 61 694 1397 744; baseline -0.001 -8"><span class='ocrx_word' id='word_1_82' title='bbox 61 698 248 736; x_wconf 84' lang='lat' dir='ltr'><em>Caesareo</em></span> <span class='ocrx_word' id='word_1_83' title='bbox 286 699 354 735; x_wconf 88' lang='lat' dir='ltr'><em>sub</em></span> <span class='ocrx_word' id='word_1_84' title='bbox 391 698 543 734; x_wconf 69' lang='lat' dir='ltr'><em>oiomiize</em></span> <span class='ocrx_word' id='word_1_85' title='bbox 574 699 745 734; x_wconf 74' lang='lat' dir='ltr'><em>crescunt</em></span> <span class='ocrx_word' id='word_1_86' title='bbox 773 696 1065 744; x_wconf 71' lang='lat' dir='ltr'><em>nuncupantur,</em></span> <span class='ocrx_word' id='word_1_87' title='bbox 1104 695 1225 732; x_wconf 88' lang='lat' dir='ltr'><em>etiam</em></span> <span class='ocrx_word' id='word_1_88' title='bbox 1258 694 1397 734; x_wconf 85' lang='lat' dir='ltr'><em>Caesa-</em></span> 
     </span>
     <span class='ocr_line' id='line_1_12' title="bbox 61 752 1397 803; baseline -0.003 -9"><span class='ocrx_word' id='word_1_89' title='bbox 61 768 170 794; x_wconf 89' lang='lat' dir='ltr'><em>reum</em></span> <span class='ocrx_word' id='word_1_90' title='bbox 194 757 331 803; x_wconf 80' lang='lat' dir='ltr'><em>pedem</em></span> <span class='ocrx_word' id='word_1_91' title='bbox 360 754 616 803; x_wconf 87' lang='lat' dir='ltr'><em>interpretari</em></span> <span class='ocrx_word' id='word_1_92' title='bbox 645 755 772 802; x_wconf 89' lang='lat' dir='ltr'><em>possis</em></span> <span class='ocrx_word' id='word_1_93' title='bbox 804 753 851 790; x_wconf 89' lang='lat' dir='ltr'><em>de</em></span> <span class='ocrx_word' id='word_1_94' title='bbox 882 752 1024 790; x_wconf 88' lang='lat' dir='ltr'><em>militia</em></span> <span class='ocrx_word' id='word_1_95' title='bbox 1056 753 1230 802; x_wconf 77' lang='lat' dir='ltr'><em>Augusti</em></span> <span class='ocrx_word' id='word_1_96' title='bbox 1262 756 1302 791; x_wconf 87' lang='lat' dir='ltr'><em>et</em></span> <span class='ocrx_word' id='word_1_97' title='bbox 1334 753 1397 791; x_wconf 87' lang='lat' dir='ltr'><em>Ti-</em></span> 
     </span>
     <span class='ocr_line' id='line_1_13' title="bbox 59 811 1398 862; baseline -0.003 -10"><span class='ocrx_word' id='word_1_98' title='bbox 59 815 176 862; x_wconf 90' lang='lat' dir='ltr'><em>berii,</em></span> <span class='ocrx_word' id='word_1_99' title='bbox 217 814 313 851; x_wconf 88' lang='lat' dir='ltr'><em>adeo</em></span> <span class='ocrx_word' id='word_1_100' title='bbox 347 813 584 860; x_wconf 81' lang='lat' dir='ltr'><em>Germanici,</em></span> <span class='ocrx_word' id='word_1_101' title='bbox 624 812 690 861; x_wconf 89' lang='lat' dir='ltr'><em>qui</em></span> <span class='ocrx_word' id='word_1_102' title='bbox 729 812 833 849; x_wconf 90' lang='lat' dir='ltr'><em>bello</em></span> <span class='ocrx_word' id='word_1_103' title='bbox 866 811 1088 849; x_wconf 89' lang='lat' dir='ltr'><em>Pannonico</em></span> <span class='ocrx_word' id='word_1_104' title='bbox 1127 812 1230 849; x_wconf 88' lang='lat' dir='ltr'><em>dona</em></span> <span class='ocrx_word' id='word_1_105' title='bbox 1260 812 1398 849; x_wconf 84' lang='lat' dir='ltr'><em>trium-</em></span> 
     </span>
     <span class='ocr_line' id='line_1_14' title="bbox 58 869 1396 922; baseline -0.003 -12"><span class='ocrx_word' id='word_1_106' title='bbox 58 872 192 922; x_wconf 88' lang='lat' dir='ltr'><em>phalia</em></span> <span class='ocrx_word' id='word_1_107' title='bbox 235 872 391 909; x_wconf 86' lang='lat' dir='ltr'><em>meruit.</em></span> <span class='ocrx_word' id='word_1_108' title='bbox 465 870 614 908; x_wconf 85' lang='lat' dir='ltr'><em>Tiberii</em></span> <span class='ocrx_word' id='word_1_109' title='bbox 656 872 695 907; x_wconf 87' lang='lat' dir='ltr'><em>et</em></span> <span class='ocrx_word' id='word_1_110' title='bbox 734 869 908 919; x_wconf 83' lang='lat' dir='ltr'><em>Augusti</em></span> <span class='ocrx_word' id='word_1_111' title='bbox 947 870 1065 918; x_wconf 88' lang='lat' dir='ltr'><em>paulo</em></span> <span class='ocrx_word' id='word_1_112' title='bbox 1116 872 1207 907; x_wconf 88' lang='lat' dir='ltr'><em>ante</em></span> <span class='ocrx_word' id='word_1_113' title='bbox 1256 870 1396 908; x_wconf 86' lang='lat' dir='ltr'><em>trium-</em></span> 
     </span>
     <span class='ocr_line' id='line_1_15' title="bbox 60 928 1397 980; baseline -0.001 -12"><span class='ocrx_word' id='word_1_114' title='bbox 60 932 182 980; x_wconf 88' lang='lat' dir='ltr'><em>phum</em></span> <span class='ocrx_word' id='word_1_115' title='bbox 214 941 375 977; x_wconf 76' lang='lat' dir='ltr'><em>aequum</em></span> <span class='ocrx_word' id='word_1_116' title='bbox 404 931 466 967; x_wconf 88' lang='lat' dir='ltr'><em>ius</em></span> <span class='ocrx_word' id='word_1_117' title='bbox 496 931 538 966; x_wconf 77' lang='lat' dir='ltr'><em>iri</em></span> <span class='ocrx_word' id='word_1_118' title='bbox 561 930 773 976; x_wconf 73' lang='lat' dir='ltr'><em>provinciis</em></span> <span class='ocrx_word' id='word_1_119' title='bbox 799 929 1089 975; x_wconf 72' lang='lat' dir='ltr'><em>exercitibusque</em></span> <span class='ocrx_word' id='word_1_120' title='bbox 1113 931 1159 966; x_wconf 88' lang='lat' dir='ltr'><em>ut</em></span> <span class='ocrx_word' id='word_1_121' title='bbox 1184 930 1300 976; x_wconf 89' lang='lat' dir='ltr'><em>esset,</em></span> <span class='ocrx_word' id='word_1_122' title='bbox 1333 928 1397 965; x_wconf 89' lang='lat' dir='ltr'><em>de-</em></span> 
     </span>
     <span class='ocr_line' id='line_1_16' title="bbox 62 986 1397 1034; baseline -0.001 -7"><span class='ocrx_word' id='word_1_123' title='bbox 62 992 212 1028; x_wconf 87' lang='lat' dir='ltr'><em>cretum</em></span> <span class='ocrx_word' id='word_1_124' title='bbox 244 988 456 1026; x_wconf 89' lang='lat' dir='ltr'><em>secundum</em></span> <span class='ocrx_word' id='word_1_125' title='bbox 482 986 681 1024; x_wconf 90' lang='lat' dir='ltr'><em>Velleium</em></span> <span class='ocrx_word' id='word_1_126' title='bbox 705 986 747 1023; x_wconf 86' lang='grc' dir='ltr'><em>ΙΙ</em></span> <span class='ocrx_word' id='word_1_127' title='bbox 775 988 868 1024; x_wconf 81' lang='lat'><em>121.</em></span> <span class='ocrx_word' id='word_1_128' title='bbox 941 986 998 1024; x_wconf 90' lang='lat' dir='ltr'><em>ita</em></span> <span class='ocrx_word' id='word_1_129' title='bbox 1029 987 1120 1034; x_wconf 88' lang='lat' dir='ltr'><em>Ipse</em></span> <span class='ocrx_word' id='word_1_130' title='bbox 1144 986 1210 1025; x_wconf 83' lang='lat' dir='ltr'><em>vix</em></span> <span class='ocrx_word' id='word_1_131' title='bbox 1234 987 1397 1025; x_wconf 84' lang='lat' dir='ltr'><em>habebit</em></span> 
     </span>
     <span class='ocr_line' id='line_1_17' title="bbox 62 1044 1397 1095; baseline -0.002 -10"><span class='ocrx_word' id='word_1_132' title='bbox 62 1048 164 1085; x_wconf 88' lang='lat' dir='ltr'><em>unde</em></span> <span class='ocrx_word' id='word_1_133' title='bbox 205 1046 384 1095; x_wconf 88' lang='lat' dir='ltr'><em>pendeat.</em></span> <span class='ocrx_word' id='word_1_134' title='bbox 458 1045 723 1094; x_wconf 75' lang='lat' dir='ltr'><em>triumphasse</em></span> <span class='ocrx_word' id='word_1_135' title='bbox 767 1044 971 1082; x_wconf 83' lang='lat' dir='ltr'><em>Tiberium</em></span> <span class='ocrx_word' id='word_1_136' title='bbox 1013 1047 1186 1093; x_wconf 86' lang='lat' dir='ltr'><em>constat,</em></span> <span class='ocrx_word' id='word_1_137' title='bbox 1230 1047 1271 1082; x_wconf 90' lang='lat' dir='ltr'><em>et</em></span> <span class='ocrx_word' id='word_1_138' title='bbox 1309 1045 1397 1083; x_wconf 86' lang='lat' dir='ltr'><em>sub-</em></span> 
     </span>
     <span class='ocr_line' id='line_1_18' title="bbox 62 1103 1399 1156; baseline -0.002 -13"><span class='ocrx_word' id='word_1_139' title='bbox 62 1106 188 1156; x_wconf 82' lang='lat' dir='ltr'><em>egisse</em></span> <span class='ocrx_word' id='word_1_140' title='bbox 220 1105 378 1154; x_wconf 84' lang='lat' dir='ltr'><em>Illyrios</em></span> <span class='ocrx_word' id='word_1_141' title='bbox 410 1105 582 1142; x_wconf 87' lang='lat' dir='ltr'><em>testatur</em></span> <span class='ocrx_word' id='word_1_142' title='bbox 606 1104 780 1141; x_wconf 79' lang='lat' dir='ltr'><em>Velleius</em></span> <span class='ocrx_word' id='word_1_143' title='bbox 806 1103 847 1141; x_wconf 94' lang='grc' dir='ltr'><em>ΙΙ</em></span> <span class='ocrx_word' id='word_1_144' title='bbox 874 1105 926 1141; x_wconf 86' lang='grc'><em>39</em></span> <span class='ocrx_word' id='word_1_145' title='bbox 955 1105 994 1141; x_wconf 88' lang='lat' dir='ltr'><em>et</em></span> <span class='ocrx_word' id='word_1_146' title='bbox 1023 1105 1123 1141; x_wconf 82' lang='lat'>123:</span> <span class='ocrx_word' id='word_1_147' title='bbox 1155 1103 1399 1152; x_wconf 87' lang='lat' dir='ltr'><em>triumphum</em></span> 
     </span>
     <span class='ocr_line' id='line_1_19' title="bbox 63 1161 1400 1212; baseline -0.001 -11"><span class='ocrx_word' id='word_1_148' title='bbox 63 1165 110 1202; x_wconf 88' lang='lat' dir='ltr'><em>de</em></span> <span class='ocrx_word' id='word_1_149' title='bbox 147 1164 193 1201; x_wconf 90' lang='lat' dir='ltr'><em>iis</em></span> <span class='ocrx_word' id='word_1_150' title='bbox 225 1166 356 1201; x_wconf 90' lang='lat' dir='ltr'><em>actum</em></span> <span class='ocrx_word' id='word_1_151' title='bbox 392 1174 585 1212; x_wconf 82' lang='lat' dir='ltr'><em>nusquam</em></span> <span class='ocrx_word' id='word_1_152' title='bbox 621 1163 785 1210; x_wconf 84' lang='lat' dir='ltr'><em>reperio.</em></span> <span class='ocrx_word' id='word_1_153' title='bbox 858 1161 982 1210; x_wconf 88' lang='lat' dir='ltr'><em>ipsius</em></span> <span class='ocrx_word' id='word_1_154' title='bbox 1022 1162 1214 1210; x_wconf 88' lang='lat' dir='ltr'><em>triumphi</em></span> <span class='ocrx_word' id='word_1_155' title='bbox 1251 1162 1400 1200; x_wconf 83' lang='lat' dir='ltr'><em>recenti</em></span> 
     </span>
     <span class='ocr_line' id='line_1_20' title="bbox 64 1221 1398 1269; baseline -0.001 -10"><span class='ocrx_word' id='word_1_156' title='bbox 64 1222 253 1259; x_wconf 88' lang='lat' dir='ltr'><em>memoria</em></span> <span class='ocrx_word' id='word_1_157' title='bbox 284 1221 528 1269; x_wconf 87' lang='lat' dir='ltr'><em>auspicatum</em></span> <span class='ocrx_word' id='word_1_158' title='bbox 560 1222 600 1257; x_wconf 91' lang='lat' dir='ltr'><em>et</em></span> <span class='ocrx_word' id='word_1_159' title='bbox 631 1224 763 1267; x_wconf 73' lang='lat' dir='ltr'><em>apium</em></span> <span class='ocrx_word' id='word_1_160' title='bbox 786 1221 966 1267; x_wconf 74' lang='lat' dir='ltr'><em>precibus</em></span> <span class='ocrx_word' id='word_1_161' title='bbox 991 1228 1137 1267; x_wconf 81' lang='lat' dir='ltr'><em>tempus</em></span> <span class='ocrx_word' id='word_1_162' title='bbox 1161 1221 1282 1258; x_wconf 82' lang='lat' dir='ltr'><em>fuisse</em></span> <span class='ocrx_word' id='word_1_163' title='bbox 1310 1233 1398 1258; x_wconf 92' lang='lat' dir='ltr'><em>con—</em></span> 
     </span>
     <span class='ocr_line' id='line_1_21' title="bbox 65 1278 1399 1327; baseline -0.001 -9"><span class='ocrx_word' id='word_1_164' title='bbox 65 1282 295 1318; x_wconf 87' lang='lat' dir='ltr'><em>sentaneum</em></span> <span class='ocrx_word' id='word_1_165' title='bbox 322 1281 398 1327; x_wconf 72' lang='lat' dir='ltr'><em>est,</em></span> <span class='ocrx_word' id='word_1_166' title='bbox 432 1278 499 1316; x_wconf 87' lang='lat' dir='ltr'><em>sed</em></span> <span class='ocrx_word' id='word_1_167' title='bbox 525 1291 622 1326; x_wconf 87' lang='lat' dir='ltr'><em>quae</em></span> <span class='ocrx_word' id='word_1_168' title='bbox 644 1278 691 1315; x_wconf 91' lang='lat' dir='ltr'><em>de</em></span> <span class='ocrx_word' id='word_1_169' title='bbox 712 1278 875 1316; x_wconf 85' lang='lat' dir='ltr'><em>devictis</em></span> <span class='ocrx_word' id='word_1_170' title='bbox 894 1278 973 1315; x_wconf 89' lang='lat' dir='ltr'><em>illis</em></span> <span class='ocrx_word' id='word_1_171' title='bbox 994 1278 1178 1327; x_wconf 87' lang='lat' dir='ltr'><em>gentibus</em></span> <span class='ocrx_word' id='word_1_172' title='bbox 1205 1279 1399 1327; x_wconf 87' lang='lat' dir='ltr'><em>dicuntur,</em></span> 
     </span>
     <span class='ocr_line' id='line_1_22' title="bbox 64 1337 1400 1385; baseline -0.001 -9"><span class='ocrx_word' id='word_1_173' title='bbox 64 1341 153 1376; x_wconf 86' lang='lat' dir='ltr'><em>acta</em></span> <span class='ocrx_word' id='word_1_174' title='bbox 191 1339 302 1375; x_wconf 88' lang='lat' dir='ltr'><em>erant</em></span> <span class='ocrx_word' id='word_1_175' title='bbox 338 1337 494 1374; x_wconf 88' lang='lat' dir='ltr'><em>biennio</em></span> <span class='ocrx_word' id='word_1_176' title='bbox 533 1339 602 1374; x_wconf 86' lang='lat' dir='ltr'><em>aut</em></span> <span class='ocrx_word' id='word_1_177' title='bbox 639 1337 807 1374; x_wconf 83' lang='lat' dir='ltr'><em>triennio</em></span> <span class='ocrx_word' id='word_1_178' title='bbox 839 1337 948 1385; x_wconf 87' lang='lat' dir='ltr'><em>ante,</em></span> <span class='ocrx_word' id='word_1_179' title='bbox 988 1338 1121 1374; x_wconf 88' lang='lat' dir='ltr'><em>secuta</em></span> <span class='ocrx_word' id='word_1_180' title='bbox 1153 1339 1239 1374; x_wconf 89' lang='lat' dir='ltr'><em>erat</em></span> <span class='ocrx_word' id='word_1_181' title='bbox 1270 1337 1400 1375; x_wconf 77' lang='lat' dir='ltr'><em>clades</em></span> 
     </span>
     <span class='ocr_line' id='line_1_23' title="bbox 66 1394 1399 1444; baseline 0 -11"><span class='ocrx_word' id='word_1_182' title='bbox 66 1396 252 1443; x_wconf 84' lang='lat' dir='ltr'><em>Variana,</em></span> <span class='ocrx_word' id='word_1_183' title='bbox 291 1395 427 1432; x_wconf 85' lang='lat' dir='ltr'><em>deinde</em></span> <span class='ocrx_word' id='word_1_184' title='bbox 465 1394 659 1443; x_wconf 77' lang='lat' dir='ltr'><em>expeditio</em></span> <span class='ocrx_word' id='word_1_185' title='bbox 693 1394 925 1432; x_wconf 87' lang='lat' dir='ltr'><em>Germanica</em></span> <span class='ocrx_word' id='word_1_186' title='bbox 963 1395 1141 1444; x_wconf 85' lang='lat' dir='ltr'><em>aliaeque</em></span> <span class='ocrx_word' id='word_1_187' title='bbox 1178 1408 1241 1432; x_wconf 89' lang='lat' dir='ltr'><em>res</em></span> <span class='ocrx_word' id='word_1_188' title='bbox 1280 1408 1303 1433; x_wconf 90' lang='lat' dir='ltr'><em>a</em></span> <span class='ocrx_word' id='word_1_189' title='bbox 1335 1396 1399 1433; x_wconf 90' lang='lat' dir='ltr'><em>Ti-</em></span> 
     </span>
     <span class='ocr_line' id='line_1_24' title="bbox 63 1453 1400 1503; baseline -0.001 -11"><span class='ocrx_word' id='word_1_190' title='bbox 63 1455 174 1492; x_wconf 87' lang='lat' dir='ltr'><em>berio</em></span> <span class='ocrx_word' id='word_1_191' title='bbox 200 1455 346 1503; x_wconf 84' lang='lat' dir='ltr'><em>gestae.</em></span> <span class='ocrx_word' id='word_1_192' title='bbox 421 1465 466 1490; x_wconf 88' lang='lat' dir='ltr'><em>ea</em></span> <span class='ocrx_word' id='word_1_193' title='bbox 486 1453 517 1490; x_wconf 90' lang='lat' dir='ltr'><em>si</em></span> <span class='ocrx_word' id='word_1_194' title='bbox 538 1455 953 1500; x_wconf 77' lang='lat' dir='ltr'><em>commemorarentur,</em></span> <span class='ocrx_word' id='word_1_195' title='bbox 985 1453 1210 1501; x_wconf 87' lang='lat' dir='ltr'><em>triumphus</em></span> <span class='ocrx_word' id='word_1_196' title='bbox 1231 1453 1400 1503; x_wconf 89' lang='lat' dir='ltr'><em>demum,</em></span> 
     </span>
     <span class='ocr_line' id='line_1_25' title="bbox 64 1511 1402 1562; baseline 0 -12"><span class='ocrx_word' id='word_1_197' title='bbox 64 1513 131 1562; x_wconf 88' lang='lat' dir='ltr'><em>qui</em></span> <span class='ocrx_word' id='word_1_198' title='bbox 163 1513 307 1549; x_wconf 83' lang='lat' dir='ltr'><em>dilatus</em></span> <span class='ocrx_word' id='word_1_199' title='bbox 339 1511 471 1548; x_wconf 88' lang='lat' dir='ltr'><em>fuerat</em></span> <span class='ocrx_word' id='word_1_200' title='bbox 501 1514 664 1560; x_wconf 88' lang='lat' dir='ltr'><em>propter</em></span> <span class='ocrx_word' id='word_1_201' title='bbox 695 1523 827 1548; x_wconf 88' lang='lat' dir='ltr'><em>rerum</em></span> <span class='ocrx_word' id='word_1_202' title='bbox 857 1511 1104 1559; x_wconf 84' lang='lat' dir='ltr'><em>iniquitates,</em></span> <span class='ocrx_word' id='word_1_203' title='bbox 1144 1513 1291 1560; x_wconf 86' lang='lat' dir='ltr'><em>quanto</em></span> <span class='ocrx_word' id='word_1_204' title='bbox 1325 1515 1402 1550; x_wconf 87' lang='lat' dir='ltr'><em>ste-</em></span> 
     </span>
     <span class='ocr_line' id='line_1_26' title="bbox 63 1569 1401 1620; baseline -0.001 -11"><span class='ocrx_word' id='word_1_205' title='bbox 63 1572 194 1619; x_wconf 85' lang='lat' dir='ltr'><em>tisset,</em></span> <span class='ocrx_word' id='word_1_206' title='bbox 238 1570 411 1619; x_wconf 87' lang='lat' dir='ltr'><em>patebat.</em></span> <span class='ocrx_word' id='word_1_207' title='bbox 483 1571 670 1618; x_wconf 79' lang='lat' dir='ltr'><em>poterant</em></span> <span class='ocrx_word' id='word_1_208' title='bbox 706 1571 811 1607; x_wconf 90' lang='lat' dir='ltr'><em>certe</em></span> <span class='ocrx_word' id='word_1_209' title='bbox 849 1572 1011 1607; x_wconf 88' lang='lat' dir='ltr'><em>eatenus</em></span> <span class='ocrx_word' id='word_1_210' title='bbox 1049 1569 1210 1620; x_wconf 88' lang='lat' dir='ltr'><em>attingi,</em></span> <span class='ocrx_word' id='word_1_211' title='bbox 1253 1572 1298 1608; x_wconf 90' lang='lat' dir='ltr'><em>ut</em></span> <span class='ocrx_word' id='word_1_212' title='bbox 1337 1571 1401 1608; x_wconf 87' lang='lat' dir='ltr'><em>Ti·</em></span> 
     </span>
     <span class='ocr_line' id='line_1_27' title="bbox 64 1627 1403 1678; baseline 0.001 -11"><span class='ocrx_word' id='word_1_213' title='bbox 64 1630 164 1668; x_wconf 88' lang='lat' dir='ltr'><em>berii</em></span> <span class='ocrx_word' id='word_1_214' title='bbox 194 1629 469 1666; x_wconf 86' lang='lat' dir='ltr'><em>convenienter</em></span> <span class='ocrx_word' id='word_1_215' title='bbox 499 1640 668 1676; x_wconf 82' lang='lat' dir='ltr'><em>persona</em></span> <span class='ocrx_word' id='word_1_216' title='bbox 692 1628 955 1677; x_wconf 81' lang='lat' dir='ltr'><em>induceretur,</em></span> <span class='ocrx_word' id='word_1_217' title='bbox 987 1627 1037 1665; x_wconf 91' lang='lat' dir='ltr'><em>ad</em></span> <span class='ocrx_word' id='word_1_218' title='bbox 1057 1641 1174 1678; x_wconf 89' lang='lat' dir='ltr'><em>quam</em></span> <span class='ocrx_word' id='word_1_219' title='bbox 1192 1628 1292 1666; x_wconf 89' lang='lat' dir='ltr'><em>illud</em></span> <span class='ocrx_word' id='word_1_220' title='bbox 1311 1630 1403 1677; x_wconf 88' lang='lat' dir='ltr'><em>Ipse</em></span> 
     </span>
     <span class='ocr_line' id='line_1_28' title="bbox 64 1687 1401 1737; baseline -0.001 -11"><span class='ocrx_word' id='word_1_221' title='bbox 64 1688 288 1726; x_wconf 87' lang='lat' dir='ltr'><em>referretur.</em></span> <span class='ocrx_word' id='word_1_222' title='bbox 363 1687 395 1724; x_wconf 90' lang='lat' dir='ltr'><em>si</em></span> <span class='ocrx_word' id='word_1_223' title='bbox 437 1687 777 1725; x_wconf 84' lang='lat' dir='ltr'><em>verecundabatur</em></span> <span class='ocrx_word' id='word_1_224' title='bbox 818 1688 936 1735; x_wconf 90' lang='lat' dir='ltr'><em>poeta</em></span> <span class='ocrx_word' id='word_1_225' title='bbox 979 1699 1124 1735; x_wconf 89' lang='lat' dir='ltr'><em>ponere</em></span> <span class='ocrx_word' id='word_1_226' title='bbox 1168 1687 1272 1737; x_wconf 87' lang='lat' dir='ltr'><em>quod</em></span> <span class='ocrx_word' id='word_1_227' title='bbox 1310 1687 1401 1725; x_wconf 85' lang='lat' dir='ltr'><em>Vel-</em></span> 
     </span>
     <span class='ocr_line' id='line_1_29' title="bbox 65 1745 1402 1794; baseline 0 -10"><span class='ocrx_word' id='word_1_228' title='bbox 65 1747 165 1784; x_wconf 90' lang='lat' dir='ltr'><em>leius</em></span> <span class='ocrx_word' id='word_1_229' title='bbox 198 1746 418 1788; x_wconf 83' lang='lat' dir='ltr'><em>edisseruit,</em></span> <span class='ocrx_word' id='word_1_230' title='bbox 442 1749 533 1792; x_wconf 76' lang='lat' dir='ltr'><em>posi</em></span> <span class='ocrx_word' id='word_1_231' title='bbox 564 1746 707 1783; x_wconf 78' lang='lat' dir='ltr'><em>cladem</em></span> <span class='ocrx_word' id='word_1_232' title='bbox 733 1746 801 1783; x_wconf 87' lang='lat' dir='ltr'><em>sub</em></span> <span class='ocrx_word' id='word_1_233' title='bbox 836 1745 939 1783; x_wconf 85' lang='lat' dir='ltr'><em>Varo</em></span> <span class='ocrx_word' id='word_1_234' title='bbox 972 1748 1164 1793; x_wconf 73' lang='lat' dir='ltr'><em>acceptam</em></span> <span class='ocrx_word' id='word_1_235' title='bbox 1189 1748 1293 1784; x_wconf 84' lang='lat' dir='ltr'><em>ocius</em></span> <span class='ocrx_word' id='word_1_236' title='bbox 1310 1759 1402 1794; x_wconf 84' lang='lat' dir='ltr'><em>pro-</em></span> 
     </span>
     <span class='ocr_line' id='line_1_30' title="bbox 65 1803 1402 1853; baseline -0.001 -9"><span class='ocrx_word' id='word_1_237' title='bbox 65 1807 252 1853; x_wconf 87' lang='lat' dir='ltr'><em>sperrimo</em></span> <span class='ocrx_word' id='word_1_238' title='bbox 282 1816 411 1842; x_wconf 87' lang='lat' dir='ltr'><em>rerum</em></span> <span class='ocrx_word' id='word_1_239' title='bbox 437 1807 567 1841; x_wconf 74' lang='lat' dir='ltr'><em>eventu</em></span> <span class='ocrx_word' id='word_1_240' title='bbox 600 1805 756 1842; x_wconf 71' lang='lat' dir='ltr'><em>eandem</em></span> <span class='ocrx_word' id='word_1_241' title='bbox 787 1806 951 1842; x_wconf 74' lang='lat' dir='ltr'><em>excisam</em></span> <span class='ocrx_word' id='word_1_242' title='bbox 984 1803 1237 1842; x_wconf 70' lang='lat' dir='ltr'><em>Germaniam</em></span> <span class='ocrx_word' id='word_1_243' title='bbox 1269 1807 1402 1842; x_wconf 70' lang='lat' dir='ltr'><em>trium-</em></span> 
     </span>
     <span class='ocr_line' id='line_1_31' title="bbox 57 1863 1401 1912; baseline 0 -11"><span class='ocrx_word' id='word_1_244' title='bbox 57 1864 181 1911; x_wconf 79' lang='lat' dir='ltr'><em>phum</em></span> <span class='ocrx_word' id='word_1_245' title='bbox 211 1865 351 1901; x_wconf 78' lang='lat' dir='ltr'><em>simimi</em></span> <span class='ocrx_word' id='word_1_246' title='bbox 382 1863 489 1900; x_wconf 77' lang='lat' dir='ltr'><em>ducis</em></span> <span class='ocrx_word' id='word_1_247' title='bbox 520 1863 711 1900; x_wconf 79' lang='lat' dir='ltr'><em>adornare</em></span> <span class='ocrx_word' id='word_1_248' title='bbox 741 1864 928 1906; x_wconf 81' lang='lat' dir='ltr'><em>debuisse,</em></span> <span class='ocrx_word' id='word_1_249' title='bbox 968 1863 1099 1911; x_wconf 87' lang='lat' dir='ltr'><em>potuit</em></span> <span class='ocrx_word' id='word_1_250' title='bbox 1130 1863 1188 1900; x_wconf 86' lang='lat' dir='ltr'><em>ita</em></span> <span class='ocrx_word' id='word_1_251' title='bbox 1220 1863 1401 1912; x_wconf 84' lang='lat' dir='ltr'><em>scribere,</em></span> 
     </span>
     <span class='ocr_line' id='line_1_32' title="bbox 64 1920 1402 1969; baseline 0.001 -10"><span class='ocrx_word' id='word_1_252' title='bbox 64 1925 111 1960; x_wconf 85' lang='lat' dir='ltr'><em>ut</em></span> <span class='ocrx_word' id='word_1_253' title='bbox 134 1923 334 1969; x_wconf 80' lang='lat' dir='ltr'><em>placidum</em></span> <span class='ocrx_word' id='word_1_254' title='bbox 364 1920 463 1957; x_wconf 91' lang='lat' dir='ltr'><em>illud</em></span> <span class='ocrx_word' id='word_1_255' title='bbox 489 1932 541 1964; x_wconf 87' lang='lat' dir='ltr'><em>os,</em></span> <span class='ocrx_word' id='word_1_256' title='bbox 565 1922 735 1968; x_wconf 71' lang='lat' dir='ltr'><em>pacifica</em></span> <span class='ocrx_word' id='word_1_257' title='bbox 767 1922 913 1968; x_wconf 82' lang='lat' dir='ltr'><em>laurus,</em></span> <span class='ocrx_word' id='word_1_258' title='bbox 944 1933 1007 1960; x_wconf 85' lang='lat' dir='ltr'><em>vv.</em></span> <span class='ocrx_word' id='word_1_259' title='bbox 1041 1923 1092 1959; x_wconf 89' lang='grc'><em>81</em></span> <span class='ocrx_word' id='word_1_260' title='bbox 1129 1923 1196 1969; x_wconf 81' lang='grc'><em>82,</em></span> <span class='ocrx_word' id='word_1_261' title='bbox 1227 1922 1297 1959; x_wconf 88' lang='lat' dir='ltr'><em>illa</em></span> <span class='ocrx_word' id='word_1_262' title='bbox 1329 1923 1402 1960; x_wconf 83' lang='lat' dir='ltr'><em>Zae-</em></span> 
     </span>
     <span class='ocr_line' id='line_1_33' title="bbox 66 1979 1404 2029; baseline -0.001 -11"><span class='ocrx_word' id='word_1_263' title='bbox 66 1982 150 2018; x_wconf 76' lang='lat' dir='ltr'><em>titia</em></span> <span class='ocrx_word' id='word_1_264' title='bbox 180 1993 215 2018; x_wconf 87' lang='lat' dir='ltr'><em>v.</em></span> <span class='ocrx_word' id='word_1_265' title='bbox 244 1981 297 2018; x_wconf 77' lang='lat'><em>88</em></span> <span class='ocrx_word' id='word_1_266' title='bbox 324 1979 655 2028; x_wconf 86' lang='lat' dir='ltr'><em>triumphantium</em></span> <span class='ocrx_word' id='word_1_267' title='bbox 686 1980 736 2017; x_wconf 86' lang='lat' dir='ltr'><em>ad</em></span> <span class='ocrx_word' id='word_1_268' title='bbox 760 1980 880 2017; x_wconf 88' lang='lat' dir='ltr'><em>istam</em></span> <span class='ocrx_word' id='word_1_269' title='bbox 905 1980 1004 2017; x_wconf 91' lang='lat' dir='ltr'><em>bene</em></span> <span class='ocrx_word' id='word_1_270' title='bbox 1023 1982 1226 2029; x_wconf 87' lang='lat' dir='ltr'><em>gestorum</em></span> <span class='ocrx_word' id='word_1_271' title='bbox 1245 1983 1404 2029; x_wconf 86' lang='lat' dir='ltr'><em>praeter</em></span> 
     </span>
     <span class='ocr_line' id='line_1_34' title="bbox 65 2038 1402 2089; baseline 0 -12"><span class='ocrx_word' id='word_1_272' title='bbox 65 2039 215 2077; x_wconf 90' lang='lat' dir='ltr'><em>bellum</em></span> <span class='ocrx_word' id='word_1_273' title='bbox 246 2038 512 2076; x_wconf 87' lang='lat' dir='ltr'><em>Pannonicum</em></span> <span class='ocrx_word' id='word_1_274' title='bbox 544 2051 734 2089; x_wconf 87' lang='lat' dir='ltr'><em>summam</em></span> <span class='ocrx_word' id='word_1_275' title='bbox 768 2040 942 2087; x_wconf 84' lang='lat' dir='ltr'><em>spectare</em></span> <span class='ocrx_word' id='word_1_276' title='bbox 962 2038 1264 2086; x_wconf 83' lang='lat' dir='ltr'><em>intelligeretur.</em></span> <span class='ocrx_word' id='word_1_277' title='bbox 1336 2040 1402 2077; x_wconf 83' lang='lat' dir='ltr'><em>sed</em></span> 
     </span>
     <span class='ocr_line' id='line_1_35' title="bbox 65 2097 1402 2147; baseline 0.001 -13"><span class='ocrx_word' id='word_1_278' title='bbox 65 2097 182 2134; x_wconf 83' lang='lat' dir='ltr'><em>nimis</em></span> <span class='ocrx_word' id='word_1_279' title='bbox 215 2108 394 2145; x_wconf 88' lang='lat' dir='ltr'><em>operose,</em></span> <span class='ocrx_word' id='word_1_280' title='bbox 427 2097 557 2145; x_wconf 88' lang='lat' dir='ltr'><em>credo,</em></span> <span class='ocrx_word' id='word_1_281' title='bbox 591 2109 658 2135; x_wconf 86' lang='lat' dir='ltr'><em>sex</em></span> <span class='ocrx_word' id='word_1_282' title='bbox 689 2097 891 2135; x_wconf 84' lang='lat' dir='ltr'><em>versiculis</em></span> <span class='ocrx_word' id='word_1_283' title='bbox 924 2098 1053 2134; x_wconf 89' lang='lat' dir='ltr'><em>locum</em></span> <span class='ocrx_word' id='word_1_284' title='bbox 1079 2097 1272 2146; x_wconf 86' lang='lat' dir='ltr'><em>quaesivi,</em></span> <span class='ocrx_word' id='word_1_285' title='bbox 1305 2110 1402 2147; x_wconf 87' lang='lat' dir='ltr'><em>quos</em></span> 
     </span>
     <span class='ocr_line' id='line_1_36' title="bbox 67 2155 1020 2205; baseline 0.001 -13"><span class='ocrx_word' id='word_1_286' title='bbox 67 2155 194 2205; x_wconf 88' lang='lat' dir='ltr'><em>quivis</em></span> <span class='ocrx_word' id='word_1_287' title='bbox 227 2167 337 2193; x_wconf 87' lang='lat' dir='ltr'><em>casus</em></span> <span class='ocrx_word' id='word_1_288' title='bbox 369 2155 637 2204; x_wconf 87' lang='lat' dir='ltr'><em>undecumque</em></span> <span class='ocrx_word' id='word_1_289' title='bbox 669 2156 848 2204; x_wconf 86' lang='lat' dir='ltr'><em>abripere</em></span> <span class='ocrx_word' id='word_1_290' title='bbox 879 2156 1020 2204; x_wconf 85' lang='lat' dir='ltr'><em>potuit.</em></span> 
     </span>
    </p>

    <p class='ocr_par' dir='ltr' id='par_1_3' title="bbox 66 2213 1404 2322">
     <span class='ocr_line' id='line_1_37' title="bbox 185 2213 1401 2262; baseline 0.002 -12"><span class='ocrx_word' id='word_1_291' title='bbox 185 2214 221 2251; x_wconf 92' lang='lat' dir='ltr'>A</span> <span class='ocrx_word' id='word_1_292' title='bbox 261 2213 530 2262; x_wconf 86' lang='lat' dir='ltr'><em>supplemento</em></span> <span class='ocrx_word' id='word_1_293' title='bbox 567 2214 636 2251; x_wconf 89' lang='lat' dir='ltr'><em>illo</em></span> <span class='ocrx_word' id='word_1_294' title='bbox 674 2227 736 2252; x_wconf 84' lang='lat' dir='ltr'><em>vv.</em></span> <span class='ocrx_word' id='word_1_295' title='bbox 768 2214 807 2251; x_wconf 90' lang='grc' dir='ltr'>Π</span> <span class='ocrx_word' id='word_1_296' title='bbox 846 2223 899 2251; x_wconf 91' lang='lat'><em>111</em></span> <span class='ocrx_word' id='word_1_297' title='bbox 934 2215 984 2252; x_wconf 88' lang='lat'><em>15</em></span> <span class='ocrx_word' id='word_1_298' title='bbox 1029 2215 1080 2251; x_wconf 88' lang='lat'><em>16</em></span> <span class='ocrx_word' id='word_1_299' title='bbox 1126 2213 1176 2251; x_wconf 88' lang='lat' dir='ltr'><em>ad</em></span> <span class='ocrx_word' id='word_1_300' title='bbox 1213 2214 1254 2251; x_wconf 87' lang='grc' dir='ltr'><em>ΙΙ</em></span> <span class='ocrx_word' id='word_1_301' title='bbox 1285 2224 1315 2253; x_wconf 88' lang='lat' dir='ltr'>V</span> <span class='ocrx_word' id='word_1_302' title='bbox 1348 2217 1401 2253; x_wconf 83' lang='lat'><em>36</em></span> 
     </span>
     <span class='ocr_line' id='line_1_38' title="bbox 66 2271 1404 2322; baseline 0.001 -13"><span class='ocrx_word' id='word_1_303' title='bbox 66 2271 244 2322; x_wconf 86' lang='lat' dir='ltr'><em>integrae</em></span> <span class='ocrx_word' id='word_1_304' title='bbox 288 2272 455 2322; x_wconf 85' lang='lat' dir='ltr'><em>paginae</em></span> <span class='ocrx_word' id='word_1_305' title='bbox 494 2274 645 2321; x_wconf 83' lang='lat' dir='ltr'><em>septem</em></span> <span class='ocrx_word' id='word_1_306' title='bbox 688 2272 915 2321; x_wconf 68' lang='lat' dir='ltr'><em>decurrunt,</em></span> <span class='ocrx_word' id='word_1_307' title='bbox 959 2284 1030 2310; x_wconf 90' lang='lat' dir='ltr'><em>nec</em></span> <span class='ocrx_word' id='word_1_308' title='bbox 1072 2272 1162 2310; x_wconf 86' lang='lat' dir='ltr'><em>inde</em></span> <span class='ocrx_word' id='word_1_309' title='bbox 1200 2273 1250 2310; x_wconf 90' lang='lat' dir='ltr'><em>ad</em></span> <span class='ocrx_word' id='word_1_310' title='bbox 1287 2273 1404 2311; x_wconf 88' lang='lat' dir='ltr'><em>finem</em></span> 
     </span>
    </p>
   </div>
  </div>
 </body>
</html>
