1601 2484
754 104 980 136 TRISTIUM

320 212 483 251 Dimidia
516 217 621 250 certe
649 217 758 261 parte
790 217 990 262 superstes
1023 224 1114 250 eros

255 279 298 309 45
320 270 365 308 Ei
397 270 520 317 mihi,
553 281 669 319 quam
701 267 819 307 celeri
849 270 1073 309 micuerunt
1104 269 1235 308 nubila
1267 268 1445 309 flamma!

320 327 496 372 Quantus
529 326 575 364 ab
608 326 781 365 aetherio
813 334 997 378 personat
1028 340 1097 366 axe
1130 327 1282 378 fragor!

318 385 397 424 Nec
429 384 551 423 levius
584 384 735 423 tabulae
768 383 933 424 laterum
965 386 1162 424 feriuntur
1193 385 1240 423 ab
1272 386 1410 437 undis,

319 443 442 488 Quam
473 455 588 494 grave
620 442 780 481 balistae
813 445 962 481 moenia
994 443 1122 494 pulsat
1154 455 1275 482 onus,

318 501 393 546 Qui
424 503 529 539 venit
560 500 623 539 hic
654 501 797 539 fluetus
816 533 826 552 ,
857 501 1000 540 fluctus
1032 503 1299 553 supereminet
1331 513 1491 554 omnes;

254 568 298 599 50
318 560 518 598 Posterior
550 571 652 597 nono
686 565 745 597 est
776 559 1060 610 undecimoque
1094 561 1223 610 prior.

317 617 397 656 Nec
429 617 549 656 letum
580 619 728 669 time03
760 629 883 668 genus
915 622 975 656 est
1007 617 1226 656 miserabile
1258 617 1349 657 leti.

319 676 469 714 Demite
503 676 775 727 naufragium,
808 687 913 713 mors
945 675 1040 713 mihi
1071 687 1215 714 munus
1247 677 1344 715 erit.

316 733 388 772 Est
420 734 562 784 aliquid
582 764 593 785 ,
626 735 751 772 fatove
784 746 854 772 suo
888 734 1039 772 ferrove
1073 733 1276 772 cadentem

319 792 361 830 In
394 792 515 831 solida
546 794 718 830 moriens
749 804 895 843 ponere
928 804 1071 842 corpus
1103 791 1245 843 humo,

255 858 297 889 55
319 850 367 889 Et
397 850 581 889 mandare
614 852 695 888 suis
728 850 856 901 aliqua
889 856 926 888 et
958 862 1116 901 sperare
1150 849 1373 900 sepulcrum

318 908 367 947 Et
399 921 476 947 non
508 910 713 959 aequoreis
745 908 919 959 piscibus
951 920 1036 947 esse
1069 907 1222 947 cibum.

317 966 469 1018 Fingite
502 979 563 1005 me
596 967 755 1017 dignum
787 966 853 1004 tali
885 978 979 1005 nece
999 997 1010 1017 ,
1043 979 1120 1005 non
1153 978 1223 1017 ego
1256 966 1362 1004 solus

316 1024 387 1063 Hic
419 1025 539 1064 vehor
560 1055 568 1064 .
611 1026 814 1063 inmeritos
847 1036 918 1063 cur
950 1037 1034 1063 mea
1066 1036 1190 1075 poena
1221 1022 1374 1062 trahit?

316 1083 391 1121 Pro
425 1085 559 1134 superi
590 1083 812 1133 viridesque
845 1082 936 1133 dei,
969 1082 1112 1133 quibus
1144 1094 1313 1133 aequora
1347 1094 1486 1134 curae,

252 1149 295 1180 60
316 1141 490 1192 Utraque
522 1143 597 1179 ian]
631 1146 777 1179 vestras
810 1142 935 1179 sistite
968 1141 1082 1179 turha
1114 1142 1258 1179 minas:

317 1200 518 1250 Quamque
552 1199 659 1237 dedit
690 1201 805 1237 vitam
837 1200 1041 1237 mitissima
1073 1198 1249 1237 Caesaris
1280 1200 1361 1250 ira,

317 1257 422 1296 Hanc
455 1259 569 1295 sinite
602 1257 736 1295 infelix
767 1258 807 1295 in
839 1256 923 1295 loca
954 1258 1059 1295 iussa
1092 1257 1235 1295 seram.

317 1316 356 1354 Si
376 1348 386 1367 ‚
419 1322 602 1366 quantam
635 1315 791 1366 merui,
823 1327 948 1365 poena
982 1326 1042 1353 me
1074 1314 1240 1366 perdere
1273 1315 1413 1363 vultis,

317 1374 436 1425 Culpa
463 1386 547 1412 mea
580 1380 638 1412 est
669 1375 753 1424 ipso
786 1373 914 1411 iudice
947 1378 1071 1411 morte
1104 1374 1254 1411 minor.

251 1442 294 1471 65
316 1433 468 1471 Mittere
501 1444 562 1470 me
596 1431 746 1482 Stygias
780 1433 811 1470 si
844 1433 920 1469 iam
951 1430 1138 1469 voluisset
1170 1431 1216 1469 ad
1248 1431 1372 1470 undas

315 1490 455 1529 Caesar
475 1522 485 1540 ‚
516 1492 556 1528 in
588 1490 661 1528 hoc
694 1495 822 1528 vestra
854 1501 932 1527 non
965 1490 1137 1540 eguisset
1168 1501 1263 1540 ope.

313 1548 384 1587 Est
415 1548 469 1587 illi
502 1549 626 1586 nostri
659 1559 735 1586 non
768 1547 956 1585 invidiosa
989 1549 1140 1585 cruoris

315 1606 460 1657 Copia,
506 1606 687 1657 quodque
721 1605 855 1658 dedit,
888 1618 976 1643 cum
1008 1605 1139 1657 volet,
1175 1607 1258 1656 ipse
1292 1606 1414 1645 feret.

314 1664 389 1703 Vos
423 1664 534 1703 modo
554 1695 564 1712 ,
598 1675 696 1714 quos
729 1670 835 1702 certe
868 1663 1003 1715 nullo,
1036 1669 1130 1714 puto
1151 1695 1161 1715 ‚
1193 1665 1355 1703 crimine
1388 1665 1504 1717 laesi,

255 1732 294 1763 10
316 1723 497 1762 Contenti
530 1724 675 1761 nostris
707 1724 811 1772 iam,
844 1734 1014 1774 precor,
1048 1727 1130 1760 este
1163 1722 1296 1761 malis!

314 1781 393 1820 Nec
426 1787 555 1820 tamen
575 1812 585 1832 ‚
616 1786 660 1819 ut
692 1782 823 1819 cuncti
854 1782 1043 1818 miserum
1075 1792 1230 1818 servare
1263 1781 1413 1830 velitis,

315 1839 425 1884 Quod
457 1841 602 1891 periit,
636 1838 782 1877 salvum
814 1840 889 1876 iam
923 1844 1039 1889 caput
1070 1851 1156 1877 esse
1188 1844 1341 1890 potest.

314 1898 364 1936 Ut
395 1909 500 1936 mare
533 1897 708 1936 considat
740 1898 943 1947 ventisque
977 1897 1194 1935 ferentibus
1226 1902 1337 1950 utar,

314 1956 364 1994 Ut
394 1955 490 1995 mihi
519 1957 687 2007 parcatis
707 1987 717 2007 ,
749 1967 827 1993 non
859 1957 988 1993 minus
1021 1955 1109 1994 exul
1141 1954 1232 1994 ero!

250 2023 292 2053 75
313 2014 399 2053 Non
431 2025 505 2065 rgo
538 2014 689 2052 divitias
721 2013 856 2052 avidus
889 2015 972 2052 sine
1006 2014 1081 2052 fine
1113 2013 1274 2064 parandi

314 2072 453 2111 Latum
484 2072 680 2111 mutandis
711 2071 909 2110 mercibus
942 2083 1088 2123 aequor
1120 2084 1209 2112 aro:

251 2139 292 2170 79
314 2131 399 2169 Non
431 2136 475 2169 ut
506 2130 714 2171 Alexandri
745 2134 888 2169 claram
920 2129 1071 2168 delatus
1103 2130 1149 2169 ad
1181 2129 1321 2170 urbem

253 2198 296 2227 80
317 2188 482 2228 Delicias
515 2189 693 2241 videam,
725 2187 810 2227 Nile
841 2190 971 2226 iocose
990 2220 1001 2240 ‚
1032 2194 1143 2240 tuas3

251 2256 292 2286 77
315 2247 393 2285 Nec
431 2253 521 2298 peto
541 2279 552 2299 ,
584 2259 680 2298 quas
719 2246 912 2298 quondam
951 2248 1045 2298 petii
1078 2246 1276 2286 studiosus
1295 2278 1306 2295 ,
1338 2247 1530 2299 Athenas!

250 2313 292 2346 78
314 2304 463 2358 Oppida
494 2317 572 2345 non
604 2306 716 2344 Asiae
737 2336 750 2355 ,
780 2317 857 2343 non
890 2304 973 2343 loca
1007 2307 1084 2343 visa
1115 2307 1249 2358 prius.
