1601 2484
195 69 251 110 24
745 72 971 104 TRISTIUM

313 179 466 231 Inspice
499 181 622 217 maius
655 191 783 231 opus,
821 180 924 230 quod
962 180 1087 219 adhuc
1124 182 1207 219 sine
1239 181 1314 219 fine
1348 186 1526 234 tenetur,

314 238 357 276 In
390 250 467 275 non
501 237 719 275 credendos
751 249 915 288 corpora
946 250 1056 277 versa
1089 239 1246 278 modos:

248 303 291 334 65
312 295 491 333 Invenies
523 296 644 333 vestri
675 297 880 345 praeconia
913 298 1080 335 nominis
1111 296 1212 348 illic,

312 354 490 391 Invenies
523 354 639 391 animi
672 354 834 404 pignora
866 355 985 393 multa
1018 356 1116 393 mei.

311 411 396 449 Non
429 417 494 449 tua
527 410 765 449 carminibus
797 413 919 451 maior
950 413 993 451 fit
1023 413 1173 463 gloria,
1206 425 1278 452 nec
1311 426 1411 466 quo,

312 468 362 507 Ut
393 471 515 507 maior
547 470 640 520 fiat,
673 481 851 508 crescere
882 472 1033 521 possit,
1065 471 1202 509 habet.

311 527 427 565 Fama
461 527 540 565 Iovi
573 534 782 578 superest:
832 534 960 567 tamen
991 529 1096 567 hunc
1128 541 1197 567 sua
1227 530 1325 568 sacta
1357 530 1497 569 referri

249 593 291 624 70
312 585 361 624 Et
393 597 433 624 se
466 587 667 624 materiam
701 587 882 624 carminis
915 598 1000 625 esse
1032 589 1159 638 iuvat,

312 644 487 694 Cumque
521 644 696 694 Gigantei
729 650 995 683 memorantur
1025 645 1171 696 proelia
1203 645 1316 698 belli,

313 702 506 740 Credibile
539 708 599 741 est
630 702 773 741 laetum
805 702 984 741 laudibus
1017 715 1102 741 esse
1136 705 1239 742 suis.

314 760 368 798 Te
402 760 599 799 celebrant
632 761 693 798 alii
726 767 870 811 quanto
902 761 1015 799 decet
1047 773 1144 813 ore,
1177 767 1341 812 tuasque

311 818 470 869 Ingenio
502 819 635 857 laudes
668 819 849 857 uberiore
883 825 1049 858 canunt.

248 885 290 915 75
313 877 389 915 Sed
422 883 580 928 tamen,
613 883 656 915 ut
687 878 773 916 suso
806 884 1009 916 taurorum
1041 880 1228 928 sanguine
1262 883 1444 930 centum,

313 935 377 973 Sic
410 937 561 986 capitur
594 937 752 973 minimo
788 938 884 974 turis
916 936 1064 974 honore
1097 937 1216 974 deus.

310 993 369 1032 A!
402 994 510 1032 ferus
543 999 582 1031 et
613 993 724 1032 nobis
757 994 952 1032 crudelior
984 994 1165 1033 omnibus
1197 995 1319 1033 hostis
1339 1024 1350 1046 ,

311 1051 476 1090 Delicias
507 1052 601 1102 legit
633 1054 700 1102 qui
732 1051 803 1090 tibi
835 1065 1002 1103 cumque
1034 1052 1162 1091 meas!

312 1110 491 1148 Carmina
523 1122 611 1148 nam
644 1112 789 1148 nostris
822 1117 917 1161 quot
948 1116 985 1149 te
1017 1112 1241 1149 venerantia
1273 1110 1382 1150 libris

247 1176 289 1206 80
310 1167 456 1206 Indicio
489 1169 641 1218 possint
673 1168 895 1206 candidiore
928 1168 1025 1219 legi!

312 1226 407 1264 Esse
441 1227 507 1264 sed
541 1227 638 1264 irato
672 1228 759 1276 quis
790 1232 829 1265 te
862 1226 956 1265 mihi
986 1232 1121 1278 posset
1152 1225 1333 1266 amicus?

311 1283 381 1322 Vix
413 1290 507 1323 tunc
539 1286 622 1335 ipse
655 1284 749 1323 mihi
782 1297 858 1323 non
890 1286 1072 1324 inimicus
1105 1297 1233 1324 eram.

312 1342 408 1381 Cum
441 1345 569 1393 coepit
602 1349 781 1393 quassata
814 1343 953 1382 domus
986 1343 1218 1396 subsidere,
1249 1349 1380 1395 partes

310 1400 352 1439 In
385 1401 622 1452 proclinatas
655 1414 769 1440 omne
802 1401 995 1440 recumbit
1026 1414 1148 1453 onus,

246 1467 289 1498 85
312 1459 539 1510 Cunctaque
571 1460 726 1498 fortuna
758 1461 894 1498 rimam
927 1460 1092 1499 faciente
1125 1460 1354 1499 debiscunt.

311 1515 341 1567 ἦ·
373 1517 459 1568 lpse
493 1529 563 1556 suo
598 1518 762 1568 quodam
795 1518 968 1568 pondere
1000 1523 1123 1557 tracta
1155 1524 1298 1557 ruunt.

310 1575 413 1626 Ergo
452 1576 654 1614 hominum
693 1577 911 1626 quaesitum
952 1576 1084 1615 odium
1126 1577 1219 1615 mihi
1257 1578 1462 1629 carmine,

875 1646 1051 1686 quosque

311 1692 480 1744 Debuit,
513 1698 573 1731 est
604 1692 733 1732 vultus
766 1692 880 1731 turba
913 1699 1046 1732 secuta
1079 1699 1189 1732 tuoS.

312 1751 390 1802 At,
422 1753 610 1802 memini,
642 1753 835 1802 vitamque
868 1763 993 1789 meam
1025 1764 1234 1803 moresque
1265 1751 1457 1803 probabas

247 1818 291 1848 90
312 1808 380 1847 Illo
400 1840 410 1860 ,
444 1821 559 1860 quem
591 1809 782 1861 dederas,
815 1812 1101 1860 praetereuntis
1134 1823 1257 1861 equo.

313 1867 443 1916 [Quod
476 1869 508 1906 si
539 1880 617 1906 non
648 1868 810 1918 prodest
840 1874 879 1906 et
910 1868 1064 1907 honesti
1094 1868 1215 1919 gloria
1248 1868 1350 1906 nulla

310 1926 529 1977 Redditur,
562 1932 600 1965 at
630 1926 778 1964 nullum
812 1927 959 1965 crimen
992 1927 1155 1978 adeptus
1188 1928 1262 1965 erit
1276 1926 1302 1975 .]

314 1984 394 2023 Nec
426 1984 523 2022 male
557 1985 762 2023 commissa
795 1990 854 2023 est
885 1984 997 2023 nobis
1029 1986 1186 2024 fortuna
1216 1996 1373 2023 reorum

310 2042 454 2093 Lisque
487 2043 621 2081 decem
654 2043 812 2082 deciens
842 2044 1083 2094 inspicienda
1115 2045 1230 2082 viris.

248 2109 291 2140 95
312 2101 389 2139 Res
422 2113 577 2152 quoque
610 2103 778 2151 privatas
811 2103 928 2140 statui
960 2103 1043 2140 sine
1076 2103 1238 2141 crimine
1269 2101 1409 2153 iudex,

312 2159 446 2210 Deque
479 2171 564 2198 mea
597 2160 697 2198 fassa
729 2165 788 2198 est
818 2172 908 2211 pars
941 2172 1096 2212 quoque
1128 2162 1227 2199 victa
1259 2159 1355 2198 fide.

313 2217 373 2256 Me
406 2217 623 2256 miserum!
660 2219 800 2270 potui,
832 2220 865 2257 si
896 2231 975 2257 non
1007 2226 1179 2258 extrema
1210 2223 1424 2270 nocerent,

312 2274 460 2315 Iudicio
493 2281 601 2315 tutus
634 2288 712 2315 non
745 2277 865 2316 semel
897 2289 982 2316 esse
1014 2284 1105 2317 tuo.
