1575 2489
584 39 625 71 v.
652 40 848 72 379—445.
1303 34 1328 74 3

1333 34 1358 73 [Φ

1363 33 1387 74 02

520 145 559 185 4.
593 142 708 196 [Do]
773 143 810 185 5.
842 142 920 185 Eo

81 235 149 267 415
171 227 282 266 Hunc
308 227 406 279 Lyra
441 239 558 266 curva
585 229 696 278 sequi
722 233 914 279 cuperet,
947 226 1014 266 sed
1046 226 1185 266 idonea
1215 225 1388 264 nondum

229 285 298 324 Est
329 287 388 324 via
409 316 418 326 .
474 298 550 324 nox
581 291 714 338 aptum
746 286 862 324 tertia
893 291 1048 337 tempus
1081 286 1178 323 erit.

649 389 685 429 6.
717 387 791 430 FO

171 477 357 528 Scorpius
389 478 429 515 in
462 477 567 515 caelo
587 509 597 529 ,
630 489 719 516 cum
751 490 837 517 cras
868 477 1069 516 lucescere
1102 475 1232 515 Nonas

228 535 400 574 Dicimus
419 567 429 587 ‚
462 547 481 573 a
514 535 640 574 media
671 541 782 586 parte
814 541 970 575 notatus
994 537 1100 574 erit.

255 639 291 678 7.
325 637 360 679 G
386 637 590 679 NON-N
652 640 689 680 8.
721 638 804 679 HF
866 639 903 680 9.
936 639 976 679 A
1001 638 1205 679 LEM-N

169 727 268 766 Hinc
300 727 367 766 ubi
399 728 607 778 protulerit
638 728 807 767 formosa
839 734 899 767 ter
931 727 1130 779 Hesperus
1164 739 1253 779 ora,

85 794 151 825 420
232 786 308 824 Ter
342 786 522 825 dederint
553 786 710 825 Phoebo
744 786 872 826 sidera
903 788 1003 824 victa
1034 786 1188 836 locum,

169 844 281 883 Ritus
315 846 389 883 erit
420 846 563 883 veteris
582 877 592 896 ‚
625 850 816 884 nocturna
848 844 1029 882 Lemuria
1048 875 1058 895 ‚
1091 845 1214 882 sacri:

230 902 392 942 Inferias
424 904 551 942 tacitis
583 903 762 941 manibus
794 902 856 941 illa
889 902 1058 941 dabunt.

169 962 304 999 Annus
337 967 420 1000 erat
451 960 607 999 brevior
626 992 636 1012 ‚
668 973 741 1000 nec
774 961 899 1000 adhuc
932 962 994 1012 pia
1026 960 1163 999 februa
1195 966 1357 1013 norant,

227 1018 307 1058 Nec
340 1025 381 1058 tu
414 1019 491 1058 dux
523 1031 732 1071 mensum,
764 1019 854 1058 Iane
886 1019 1092 1070 biformis,
1126 1031 1235 1058 eras:

81 1085 148 1117 425
170 1077 248 1116 Iam
281 1083 409 1116 tamen
443 1079 614 1116 extincto
647 1079 771 1117 cineri
802 1090 870 1117 sua
903 1078 1003 1116 dona
1034 1077 1234 1129 ferebant,

229 1135 519 1187 Compositique
552 1148 673 1187 nepos
705 1136 819 1175 busta
850 1136 980 1188 piabat
1011 1137 1092 1174 avi.

170 1193 314 1233 Mensis
347 1200 430 1233 erat
462 1194 614 1246 Maius,
648 1196 837 1234 maiorum
869 1196 1026 1233 nomine
1059 1194 1211 1245 dictus,

230 1252 305 1298 Qui
336 1258 486 1304 partem
518 1255 639 1304 prisci
672 1266 776 1293 nunc
809 1266 963 1304 quoque
996 1255 1116 1292 moris
1147 1253 1286 1292 habet.

170 1310 250 1349 Nox
286 1310 351 1350 ubi
384 1313 458 1349 iam
493 1312 618 1350 media
651 1318 738 1365 est,
771 1324 985 1363 somnoque
1019 1312 1171 1352 silentia
1202 1312 1363 1364 praebet

83 1378 149 1408 430
229 1369 278 1408 Et
311 1372 416 1408 canis
450 1375 488 1408 et
519 1372 645 1409 variae
679 1372 922 1409 conticuistis
955 1382 1067 1421 aves,

172 1428 237 1466 Ille
271 1440 419 1467 memor
450 1430 594 1467 veteris
627 1430 726 1468 ritus
759 1429 998 1480 timidusque
1030 1428 1194 1468 deorum

231 1486 392 1539 Surgit3
423 1486 567 1526 habent
598 1489 742 1538 gemini
774 1487 926 1527 vincula
958 1487 1063 1526 nulla
1094 1488 1237 1539 pedes:

172 1545 366 1596 Signaque
399 1545 463 1584 dat
495 1545 626 1596 digitis
658 1546 784 1584 medio
818 1558 907 1585 cum
938 1546 1078 1597 pollice
1110 1547 1278 1598 iunctis,

230 1603 422 1642 Occurrat
453 1605 569 1643 tacito
603 1616 651 1643 ne
682 1604 777 1643 levis
808 1604 948 1643 umbra
979 1604 1074 1643 sibi.

82 1670 148 1701 435
170 1661 345 1713 Cumque
378 1674 515 1701 manus
546 1675 665 1714 puras
698 1663 854 1702 fontana
885 1663 1031 1714 perluit
1062 1663 1188 1715 unda,

230 1719 432 1772 Vertitur,
465 1727 504 1759 et
534 1722 665 1772 nigras
697 1723 838 1773 accipit
869 1728 957 1760 ante
991 1721 1119 1773 fabas,

171 1780 419 1830 Aversusque
452 1780 571 1818 iacit.
629 1780 696 1818 sed
729 1780 821 1819 dum
853 1782 972 1832 iacit,
999 1777 1116 1819 ‘haec
1149 1793 1219 1831 ego
1253 1782 1387 1834 mitto,

230 1834 319 1876 His'
352 1839 479 1888 inquit
511 1834 681 1876 ‘redimo
713 1851 854 1889 meque
887 1850 1074 1889 meosque
1108 1835 1249 1878 fabisl'

170 1896 251 1935 Hoc
283 1897 416 1934 novies
449 1896 571 1947 dicit,
604 1909 677 1935 nec
708 1898 890 1948 respicit.
948 1897 1085 1935 umbra
1117 1903 1277 1949 putatur

83 1963 149 1994 440
230 1954 419 2006 Colligere
453 1961 491 1993 et
522 1955 628 1993 nullo
664 1961 769 2006 terga
802 1955 955 1994 vidente
989 1957 1123 2007 sequi.

171 2013 322 2052 Rursus
355 2026 494 2064 aquam
526 2015 676 2065 tangit,
708 2014 997 2065 Temesacaque
1036 2021 1247 2066 concrepat
1278 2027 1388 2068 aera,

230 2071 278 2110 Et
310 2078 448 2123 rogat,
480 2079 524 2111 ut
556 2074 670 2111 tectis
702 2079 813 2111 excat
845 2072 982 2111 umbra
1015 2074 1117 2112 suis.

171 2130 267 2169 Cum
300 2130 396 2169 dixit
427 2133 560 2170 novies
593 2128 748 2170 ‘manes
781 2133 882 2170 exite
915 2128 1112 2183 paterni‚'

229 2189 430 2241 Respicit,
463 2196 501 2228 et
531 2202 630 2241 pure
663 2203 772 2229 sacra
803 2196 959 2242 peracta
992 2196 1124 2241 putat.

83 2255 149 2286 445
170 2247 278 2286 Dicta
312 2249 362 2287 sit
394 2248 496 2287 unde
530 2249 641 2301 dies,
675 2261 773 2300 quae
806 2250 973 2288 nominis
1006 2255 1111 2288 extet
1142 2251 1270 2301 origo.

1108 2313 1178 2349 21³
