1575 2489
217 126 300 167 246
753 127 1006 161 PASTORUM

391 235 525 285 Magna
556 234 634 273 dati
665 235 797 273 nutrix
828 236 997 285 praemia
1027 235 1137 274 lactis
1168 234 1306 274 habet.

334 292 454 342 [Quid
485 298 588 330 vetat
618 292 781 331 Arcadio
813 292 938 331 dictos
969 305 990 331 a
1021 299 1151 332 monte
1183 291 1399 343 lupercos?

391 349 547 388 Faunus
578 351 617 388 in
649 349 811 388 Arcadia
843 350 986 401 templa
1015 350 1187 402 Lycaeus
1218 350 1375 400 habet.]
1485 360 1539 392 (53)

246 415 312 446 425
333 407 490 459 Nupta,
523 407 615 458 quid
648 406 862 458 expectas?
895 420 972 447 non
1003 414 1045 448 tu
1077 408 1312 460 pollentibus
1343 408 1499 460 herbis,

390 465 470 504 Nec
501 477 617 516 prece
636 497 647 517 ,
679 478 751 504 nec
783 467 930 516 magico
962 468 1133 505 carmine
1166 472 1288 505 mater
1320 467 1422 505 eris.

333 522 478 574 Excipe
510 523 697 562 fecundae
730 526 922 574 patienter
953 524 1115 562 verbera
1147 524 1330 575 dextrae,

390 581 468 619 lam
501 593 612 619 socer
644 587 817 632 optatum
849 593 991 620 nomen
1022 582 1178 621 habebit
1210 584 1288 620 avi.

332 638 427 677 Nam
461 639 532 677 suit
563 639 625 678 illa
657 639 739 677 dies
758 671 768 691 ,
800 639 896 678 dura
928 652 1016 678 cum
1049 646 1153 678 sorte
1185 642 1344 679 maritae

244 706 312 736 430
390 696 618 736 Reddebant
648 699 751 736 uteri
782 699 942 748 pignora
974 709 1060 736 rara
1091 700 1175 736 sui.

333 752 455 800 ‘Quid
487 752 602 794 mihi'
635 755 823 794 clamabat
855 753 1037 806 ‘prodest
1066 757 1242 806 rapuisse
1277 752 1482 807 Sabinas,'

392 813 580 852 Romulus
612 835 654 840 -
687 813 760 853 hoc
792 813 856 852 illo
889 820 1043 864 sceptra
1073 819 1231 852 tenente
1265 814 1337 852 suit
1369 835 1412 840 —

333 871 374 910 Si
405 883 490 910 mea
521 884 598 910 non
631 872 732 910 vires
751 903 762 923 ,
794 872 861 910 sed
894 871 1037 911 bellum
1069 872 1211 910 iniuria
1242 869 1368 910 fecit?

390 929 529 968 Utilius
562 931 689 968 fuerat
720 942 796 968 non
828 929 1009 968 habuisse
1041 926 1209 969 nurus.9

244 995 311 1026 435
332 987 461 1026 Monte
494 987 565 1026 sub
597 987 770 1038 Esquilio
803 988 934 1026 multis
965 987 1177 1026 incaeduus
1209 989 1318 1026 annis

390 1045 549 1084 lunonis
581 1058 738 1095 magnae
771 1047 925 1084 nomine
957 1045 1069 1084 lucus
1101 1051 1206 1084 erat.

333 1102 417 1142 Huc
449 1102 516 1142 ubi
547 1109 766 1152 venerunt,
798 1105 944 1154 pariter
975 1109 1197 1154 nuptaeque
1230 1105 1379 1154 virique

392 1161 628 1212 Suppliciter
659 1163 784 1212 posito
817 1161 1062 1212 procubuere
1093 1173 1218 1211 genu:

333 1219 429 1258 Cum
461 1219 590 1258 subito
622 1225 748 1258 motae
780 1225 977 1258 tremuere
1010 1220 1209 1258 cacumina
1241 1219 1380 1270 silvae,

245 1286 312 1317 440
391 1277 439 1316 Et
470 1277 539 1316 dea
571 1289 642 1328 per
672 1277 781 1316 lucos
813 1278 909 1316 mira
941 1277 1068 1316 locuta
1101 1289 1214 1316 suos.

333 1333 506 1375 ‘Italidas
537 1332 702 1374 matres’
735 1337 861 1386 inquit
892 1332 1023 1374 ‘sacer
1054 1335 1187 1374 hircus
1219 1331 1359 1374 init0.'

393 1393 591 1445 Obstipuit
623 1393 739 1432 dubio
772 1395 907 1432 territa
939 1393 1051 1432 turba
1084 1405 1201 1432 sono.

331 1453 465 1502 Augur
498 1458 608 1503 erat,
641 1464 782 1491 nomen
815 1452 938 1503 longis
970 1452 1167 1490 intercidit
1198 1453 1331 1490 annis:

390 1510 523 1561 Nuper
556 1510 602 1548 ab
634 1509 799 1549 Etrusca
830 1516 990 1549 venerat
1020 1509 1108 1548 exul
1140 1509 1281 1548 humo.

245 1576 312 1607 445
333 1568 398 1607 Ille
432 1580 591 1619 caprum
623 1574 792 1607 mactat:
836 1569 962 1606 iussae
998 1580 1066 1606 sua
1097 1574 1204 1618 terga
1237 1567 1385 1618 puellae

391 1625 560 1665 Pellibus
593 1627 759 1664 exsectis
791 1626 1042 1676 percutienda
1075 1625 1237 1664 dabant.

332 1684 439 1723 Luna
471 1684 693 1723 resumebat
724 1683 874 1723 decimo
906 1696 1002 1722 nova
1034 1695 1180 1722 cornua
1209 1689 1340 1735 motu,
1484 1694 1540 1723 (54)

392 1742 532 1793 Virque
565 1748 675 1793 pater
707 1741 836 1781 subito
869 1747 1066 1793 nuptaque
1100 1747 1222 1780 mater
1254 1747 1358 1780 erat.

334 1800 462 1839 Gratia
494 1799 692 1839 Lucinae.
750 1800 855 1838 dedit
886 1800 980 1839 haec
1013 1800 1083 1838 tibi
1115 1801 1269 1838 nomina
1301 1800 1435 1852 lucus,

243 1867 311 1897 450
389 1859 466 1897 Aut
498 1860 586 1910 quia
618 1859 855 1909 principium
886 1864 957 1909 tu,
991 1858 1060 1897 dea
1079 1889 1089 1909 ,
1121 1858 1218 1896 lucis
1250 1857 1390 1896 habes.

331 1918 453 1955 Parce
472 1948 482 1968 ,
514 1928 683 1968 precor,
715 1916 880 1967 gravidis
899 1947 909 1967 ,
942 1916 1063 1955 facilis
1096 1915 1240 1954 Lucina
1259 1947 1269 1967 ,
1301 1916 1463 1968 puellis,

389 1974 661 2025 Maturumque
694 1981 806 2014 utero
838 1974 1005 2013 molliter
1036 1975 1145 2012 aufer
1177 1985 1301 2012 onus.

331 2032 425 2072 Orta
457 2033 539 2071 dies
572 2034 718 2084 fuerit,
750 2038 792 2071 tu
825 2032 958 2071 desine
991 2032 1150 2071 credere
1183 2033 1329 2084 ventis3

389 2091 564 2130 Perdidit
593 2091 696 2129 illius
727 2092 913 2141 temporis
946 2102 1038 2129 aura
1070 2090 1208 2128 fidem,

237 2157 304 2188 455
327 2149 499 2188 Flamina
529 2161 608 2188 non
640 2155 846 2200 constant,
878 2155 917 2187 et
948 2161 1015 2187 sex
1047 2154 1218 2187 reserata
1250 2148 1387 2187 diebus

391 2207 567 2246 Carceris
600 2207 721 2246 Aeolii
752 2208 866 2245 ianua
897 2206 979 2245 laxa
1010 2213 1136 2258 patet.

332 2265 410 2304 lam
442 2265 540 2303 lovis
573 2265 726 2316 obliqua
759 2265 933 2304 subsedit
965 2267 1147 2316 aquarius
1179 2277 1300 2304 urna:

390 2323 593 2362 Proximus
626 2323 819 2362 aetherios
852 2325 1015 2375 excipe,
1048 2323 1199 2374 Piscis,
1233 2335 1375 2374 equos.
