1575 2489
221 106 303 147 112
811 107 953 140 1131D1s

334 215 411 253 Aut
442 219 485 252 ut
515 214 711 251 Atarnites
730 243 740 263 ,
772 214 926 251 insutus
957 213 1056 264 pelle
1089 215 1243 252 iuvenci

248 280 315 311 320
393 271 578 321 Turpiter
609 270 653 308 ad
687 270 887 308 dominum
917 271 1059 320 praeda
1091 271 1215 309 ferare
1248 276 1381 311 tuum.

334 329 456 378 Inque
488 334 555 366 tuo
586 327 752 366 thalamo
785 329 863 366 ritu
895 328 1069 378 iugulere
1101 328 1289 380 Pheraei,

394 386 470 430 Qui
501 386 612 424 datus
645 391 703 423 est
734 386 809 424 leto
842 387 1019 436 coniugis
1053 397 1145 424 ense
1177 398 1294 426 suae.

336 443 519 493 Quosque
551 448 665 493 putas
696 442 823 493 fidos,
855 449 898 482 ut
929 443 1132 482 Larisaeus
1164 444 1304 482 Aleuas

248 509 315 540 324
392 500 561 539 Vulnere
592 512 670 538 non
701 500 798 538 fidos
831 503 1030 551 experiare
1063 507 1159 540 tuo.

248 580 302 586 —
333 558 460 609 thue
486 558 575 596 Milo
593 588 604 610 ‚
637 557 709 597 sub
736 570 812 608 quo
844 560 1015 597 cruciata
1046 564 1108 597 est
1132 559 1221 597 Pisa
1252 564 1440 611 tyranno,

392 615 508 655 Vivus
539 618 581 654 in
612 615 784 654 occultas
815 618 1084 666 praecipiteris
1116 628 1258 667 aquaS.

335 674 519 724 Quaeque
550 675 590 712 in
621 673 881 723 Aphidantum
913 673 1114 724 Phylaceia
1145 685 1264 724 regna
1294 680 1491 713 tenentem

393 732 423 770 A
454 731 541 770 Iove
574 736 793 782 venerunt,
825 737 862 770 te
895 743 1050 782 quoque
1081 731 1156 769 tela
1187 737 1343 782 petant.

246 811 303 818 —-
333 790 410 829 Aut
441 795 485 828 ut
515 789 764 827 Amastriacis
797 789 990 839 quondam
1022 789 1197 828 Lenaeus
1229 789 1275 827 ab
1306 791 1411 842 oris,

247 856 315 887 330
392 847 528 886 Nudus
560 846 729 885 Achillea
761 847 986 885 destituaris
1018 846 1160 885 humo.

333 905 460 955 thue
492 905 552 943 vel
577 904 815 955 Eurydamas
847 910 907 943 ter
939 906 1087 943 circum
1118 904 1231 943 busta
1257 904 1449 956 Thrasylli
1488 914 1542 947 (16)

393 962 463 1001 Est
494 962 684 1000 Larisaeis
715 967 851 1012 raptus
883 962 929 1000 ab
961 962 1071 1000 hoste
1104 964 1224 1013 rotis,

333 1020 402 1059 Vel
433 1022 528 1071 qui,
561 1032 658 1070 quae
691 1020 817 1058 suerat
848 1025 997 1058 tutatus
1029 1021 1181 1058 moenia
1213 1032 1350 1072 saepe,

393 1077 564 1128 Corpore
596 1077 774 1115 lustravit
804 1089 881 1115 non
913 1077 1096 1116 diuturna
1128 1089 1223 1128 SUO,

247 1144 314 1175 335
335 1135 461 1185 thue
494 1147 636 1173 novum
668 1147 780 1185 passa
811 1146 933 1185 genus
965 1134 1270 1185 Hippomeneide
1302 1147 1449 1186 poenae

391 1193 557 1231 Tractus
588 1194 628 1230 in
660 1192 800 1230 Actaea
832 1193 956 1230 fertur
988 1192 1139 1230 adulter
1170 1192 1313 1244 humo,

335 1250 399 1289 Sic
418 1282 429 1301 ,
459 1250 527 1289 ubi
558 1251 633 1288 vita
665 1255 753 1288 tuos
785 1251 907 1288 invisa
938 1250 1141 1300 reliquerit
1173 1256 1303 1302 artus,

392 1308 546 1346 Ultores
578 1309 729 1358 rapiant
759 1313 874 1358 turpe
906 1307 1067 1346 cadaver
1098 1309 1211 1358 equi.

333 1366 490 1404 Viscera
522 1367 578 1404 sic
611 1366 749 1416 aliquis
782 1365 965 1416 scopulus
997 1371 1062 1404 tua
1094 1366 1212 1417 figat,
1245 1370 1289 1404 ut
1319 1365 1411 1404 olim

246 1432 313 1463 340
392 1424 484 1462 Fixa
516 1424 587 1462 sub
619 1423 792 1462 Euboico
825 1423 937 1461 Graia
969 1424 1078 1462 fuere
1111 1425 1222 1475 sinu3

333 1482 458 1532 thue
490 1482 599 1520 ferox
630 1483 748 1532 periit
779 1487 818 1519 et
848 1481 1008 1520 fulmine
1041 1487 1080 1520 et
1110 1493 1279 1531 aequore
1311 1487 1465 1533 raptor,

393 1540 456 1577 Sic
489 1545 526 1577 te
558 1551 755 1577 mersuras
787 1538 942 1577 adiuvet
972 1540 1072 1589 ignis
1105 1551 1248 1589 aquas.

332 1597 440 1635 Mens
473 1609 627 1647 quoque
660 1598 716 1635 sic
747 1597 860 1634 furiis
891 1608 1026 1635 vecors
1059 1598 1256 1649 agitetur,
1287 1601 1331 1635 ut
1360 1597 1439 1649 illi,

392 1654 517 1693 Unum
551 1656 617 1704 qui
648 1659 728 1692 toto
761 1666 924 1704 corpore
956 1654 1096 1693 vulnus
1128 1654 1266 1706 habet3

246 1722 312 1752 345
333 1712 459 1763 thue
492 1712 745 1762 Dryantiadae
777 1712 1001 1763 Rhodopeia
1032 1724 1150 1762 regna
1182 1713 1354 1764 tenenti,

390 1770 434 1808 In
466 1771 619 1820 gemino
652 1770 782 1820 dispar
814 1771 878 1808 cui
908 1770 1006 1820 pede
1039 1770 1167 1808 cultus
1199 1777 1304 1820 erat,
1574 1813 1575 1819 ¹

332 1827 382 1867 Ut
412 1828 486 1866 fuit
517 1827 658 1866 Oetaeo
692 1828 887 1878 quondam
918 1840 1140 1878 generoque
1172 1827 1384 1866 draconum
1574 1825 1575 1856 i

390 1886 664 1936 Tisamenique
696 1887 797 1936 patri
829 1885 1118 1936 Callirhoesque
1149 1887 1254 1925 viro.
1572 1857 1575 1954 ⁴

332 1943 412 1983 Nec
443 1943 515 1982 tibi
546 1945 743 1993 contingat
773 1949 948 1982 matrona
979 1944 1158 1994 pudicior
1188 1943 1274 1995 illa,
1571 1957 1575 1994 ι

246 2010 313 2041 350
392 2001 475 2046 Qua
506 2003 634 2053 potuit
663 2000 817 2052 Tydeus
849 2001 1053 2040 erubuisse
1085 2013 1212 2040 nuru:
1570 2017 1574 2036 ι

331 2058 516 2109 Quaeque
549 2061 610 2098 sui
640 2058 830 2098 Venerem
860 2061 987 2098 iunxit
1017 2071 1107 2098 cum
1138 2060 1257 2098 fratre
1289 2059 1440 2111 mariti,

392 2117 527 2155 Locris
557 2118 598 2156 in
629 2116 788 2155 ancillae
820 2117 1060 2156 dissimulata
1092 2129 1209 2155 nece.
1568 2110 1572 2154 ἑ

333 2175 427 2213 Tam
460 2187 615 2226 quoque
633 2205 644 2226 ‚
677 2174 715 2213 di
746 2174 915 2226 faciant,
947 2176 1072 2225 possis
1105 2174 1272 2225 gaudere
1305 2174 1409 2214 fideli
1487 2180 1538 2214 (ιτ)
1567 2182 1570 2243 5

392 2232 564 2283 Coniuge
582 2263 593 2284 ‚
626 2243 742 2283 quam
772 2232 878 2271 Talai
908 2232 1178 2284 Tyndareique
1210 2244 1353 2282 gener:

245 2298 311 2329 355
333 2289 516 2341 Quaeque
549 2302 685 2341 parare
717 2291 798 2329 suis
829 2290 949 2329 letum
979 2290 1222 2341 patruelibus
1254 2302 1368 2329 ausae

1567 2276 1569 2290 l

1568 2294 1569 2301 i

1566 2319 1569 2328 v

1564 2415 1566 2422 v
