1575 2489
570 84 597 117 1.
626 83 786 116 664—11.
807 84 839 115 4.
1283 80 1369 122 233

155 189 286 228 Gratia
318 190 377 228 dis
410 190 620 240 domuique
653 196 741 228 tuae
760 221 771 242 ,
803 189 962 240 religata
995 190 1140 228 catenis

215 247 446 298 Iampridem
477 253 606 287 vestro
640 248 712 287 sub
743 247 843 299 pede
874 246 972 286 bella
1004 249 1153 286 iacent.

157 304 237 343 Sub
270 307 358 355 iuga
389 305 460 344 bos
492 307 648 356 veniat,
681 305 752 345 sub
784 311 909 344 terras
942 317 1075 344 semen
1108 310 1255 345 auratas,

213 362 290 401 Pax
322 363 504 402 Cererem
537 365 691 415 nutrit,
722 365 829 415 pacis
861 362 1013 401 alumna
1047 362 1187 403 Ceres.

377 454 444 494 27.
478 452 551 495 CO
612 454 679 495 28.
713 452 792 495 DC
854 453 920 494 29.
951 452 1030 495 EO

70 542 137 576 705
158 536 205 574 At
238 548 336 586 quae
368 542 551 575 venturas
584 536 792 587 praecedet
823 542 930 575 sexta
962 536 1174 588 Kalendas,

215 593 294 632 Hac
328 600 418 633 sunt
449 594 611 633 Ledaeis
643 594 785 645 templa
817 594 942 633 dicata
974 594 1078 633 deis.

155 650 358 690 Fratribus
390 652 452 690 illa
485 652 566 691 deis
599 653 740 691 fratres
773 652 820 691 de
852 658 966 702 gente
999 653 1161 691 deorum

214 708 324 748 Circa
355 709 540 749 Iuturnae
573 722 829 761 composuere
860 710 991 749 lacus.

480 800 547 842 30.
578 799 680 842 ΕΝ)
748 801 814 842 31.
848 798 927 841 GC

156 881 289 932 Ipsum
322 895 393 922 nos
425 895 580 921 carmen
614 883 774 922 deduxit
804 882 915 921 Pacis
947 882 993 920 ad
1026 894 1152 922 aram.

68 946 136 980 Ι710
216 940 319 979 Haec
352 942 426 980 erit
458 953 478 979 a
509 942 653 979 mensis
685 941 761 979 fine
793 940 964 979 secunda
995 940 1100 979 dies.

155 997 184 1035 F
188 998 376 1037 rondibus
407 999 574 1037 Actiacis
607 1003 782 1049 comptos
814 999 992 1037 redimita
1025 998 1184 1049 capillos

214 1056 292 1094 Pax
325 1057 416 1095 ades
435 1088 445 1108 ‚
477 1062 515 1095 et
547 1062 627 1096 toto
660 1058 764 1095 mitis
796 1058 835 1095 in
868 1056 962 1095 orbe
994 1068 1129 1094 mane.

156 1113 254 1152 Dum
287 1114 416 1152 desint
446 1114 578 1153 hostes
597 1146 608 1166 ‚
640 1115 742 1153 desit
773 1126 928 1165 quoque
961 1126 1076 1152 causa
1108 1113 1319 1165 triumphi:

214 1172 273 1209 Tu
306 1171 471 1210 ducibus
503 1172 603 1210 hello
636 1172 756 1222 gloria
788 1174 911 1210 maior
943 1173 1043 1210 eris.

69 1236 136 1268 715
160 1229 246 1268 Sola
279 1235 388 1280 gerat
417 1229 529 1268 miles
562 1230 704 1281 quibus
737 1242 842 1268 arma
873 1236 1081 1282 coerceat,
1113 1241 1239 1281 arma,

216 1287 480 1338 Canteturque
512 1289 595 1326 fera
625 1288 679 1326 nil
711 1289 787 1326 nisi
817 1300 957 1339 pompa
988 1287 1106 1326 tuba.

158 1345 324 1384 Horreat
355 1345 554 1384 Aeneadas
586 1352 624 1385 et
655 1347 806 1396 primus
838 1352 877 1384 et
908 1346 1068 1384 ultimus
1100 1345 1230 1384 orbis:

217 1403 336 1454 Siqua
367 1415 504 1454 parum
536 1403 697 1442 Romam
729 1409 833 1442 terra
865 1403 1054 1455 timebat,
1087 1409 1210 1442 amet.

159 1460 261 1499 Tura
281 1493 291 1512 ,
324 1461 545 1499 sacerdotes
564 1492 575 1512 ,
607 1461 809 1500 Pacalibus
842 1461 969 1500 addite
1001 1461 1188 1513 flammis,

72 1527 139 1558 ‘120
219 1519 389 1569 Albaque
421 1520 579 1569 perfusa
610 1520 765 1558 victima
797 1519 925 1558 fronte
958 1519 1090 1557 cadat.

161 1576 287 1628 thue
321 1577 458 1616 domus
477 1608 488 1629 ,
520 1589 617 1628 quae
649 1583 822 1629 praestat
852 1589 965 1628 eam,
998 1589 1087 1616 cum
1118 1588 1211 1628 pace

880 1641 1093 1686 perennet,

216 1692 272 1731 Ad
304 1694 367 1743 pia
397 1705 612 1744 propensos
644 1698 731 1732 vota
762 1698 894 1744 rogate
927 1693 1043 1733 deos.

160 1749 235 1789 Sed
267 1751 342 1788 iam
373 1752 497 1802 prima
530 1753 606 1790 mei
636 1763 727 1802 pars
759 1756 819 1789 est
851 1757 984 1790 exacta
1014 1750 1181 1802 laboris,

218 1807 393 1859 Cumque
425 1820 495 1848 suo
528 1809 645 1847 finem
677 1821 810 1848 mense
842 1809 996 1848 libellus
1027 1808 1166 1847 habet.

434 1978 617 2031 LIBER
655 1976 988 2032 SECUNDUS.
1315 2060 1324 2092 (
1361 2059 1371 2092 )

160 2097 274 2137 Ianus
306 2098 423 2137 habet
454 2088 598 2137 finem.
656 2110 744 2137 cum
777 2099 949 2137 carmine
982 2099 1124 2137 crescit
1155 2103 1193 2136 et
1224 2109 1371 2136 annus:

219 2156 325 2195 Alter
358 2162 401 2195 ut
431 2156 495 2195 hic
526 2158 700 2208 mensis,
733 2158 788 2195 sic
820 2156 918 2194 liber
950 2155 1046 2195 alter
1078 2161 1162 2195 eat.

161 2214 272 2253 Nunc
304 2216 472 2265 primum
503 2214 598 2253 velis
617 2246 628 2266 ,
661 2215 788 2266 elegi,
819 2213 1031 2253 maioribus
1062 2215 1149 2253 itis:

219 2271 441 2324 Exiguum,
472 2274 660 2324 memini,
692 2284 818 2324 nuper
851 2273 967 2311 eratis
1000 2284 1119 2323 opus.
