1575 2489
188 65 270 106 122
727 68 791 99 EX
814 66 970 99 PONTO

304 174 400 212 Cum
434 174 534 212 foret
565 174 716 212 Aeneae
750 175 879 212 cervix
912 173 1086 213 subiecta
1117 174 1292 224 parenti,

363 232 514 269 Dicitur
546 232 628 281 ipsa
660 232 743 269 viro
774 231 926 270 flamma
957 232 1110 271 dedisse
1142 232 1265 269 viam:

240 298 284 328 35
305 289 398 327 Fert
428 289 527 326 liber
558 289 793 339 Aeneaden,
826 296 864 328 et
895 302 972 328 non
1003 291 1077 328 iter
1109 301 1222 327 omne
1254 285 1435 339 patebit?

365 348 414 385 At
445 348 591 397 patriae
625 352 735 397 pater
765 347 828 385 hic
847 378 857 398 ,
889 349 1012 398 ipsius
1043 347 1107 385 ille
1139 348 1234 385 fuit.

305 405 451 454 Ecquis
483 406 535 443 ita
568 411 627 442 est
658 404 781 443 audax
800 436 811 455 ,
842 411 886 443 ut
916 405 1048 444 limine
1080 410 1191 455 cogat
1222 403 1329 442 abire

364 463 575 501 lactantem
607 462 745 501 Pharia
777 463 926 501 tinnula
959 465 1074 502 sistra
1105 460 1255 501 manu?

306 522 404 559 Ante
437 521 552 559 deum
584 520 746 559 Matrem
777 533 900 559 cornu
932 521 1077 560 tibicen
1110 520 1260 559 adunco

238 588 286 618 40
365 579 462 617 Cum
494 580 626 629 canit,
659 581 817 629 exiguae
850 581 937 629 quis
969 581 1081 629 stipis
1113 591 1202 617 aera
1233 575 1379 628 negat?

309 637 482 687 [Scimus
514 636 560 675 ab
592 638 756 688 imperio
787 637 871 675 fieri
905 637 958 675 nil
989 637 1063 675 tale
1096 636 1260 675 Dianae:

366 695 476 734 Unde
510 702 638 734 tamen
671 696 799 746 vivat,
832 697 1062 733 vaticinator
1092 693 1249 743 habet]

311 753 414 804 [lpsa
448 759 602 791 movent
634 754 782 791 animos
815 765 1047 804 superorum
1079 753 1238 790 numina
1270 757 1450 802 nostros,

367 812 498 862 Turpe
530 824 602 850 nec
636 817 694 849 cst
726 811 791 850 tali
823 811 1051 850 credulitate
1083 812 1168 861 capi
1183 809 1210 859 .]

241 878 287 908 45
308 870 395 921 En,
429 882 498 920 ego
531 882 602 920 pro
635 871 750 908 sistro
782 869 1018 920 Phrygiique
1052 870 1239 907 foramine
1271 867 1366 906 buxi
1483 874 1520 907 (3)

369 928 502 966 Gentis
535 927 661 965 Iuleae
694 929 850 966 nomina
882 934 1013 966 sancta
1046 928 1152 966 sero.

309 986 506 1024 Vaticinor
538 998 785 1036 moneoque:
828 985 956 1025 locum
989 986 1075 1024 date
1109 996 1217 1023 sacra
1249 982 1414 1022 ferenti!

368 1044 454 1082 Non
486 1044 608 1095 mihi,
642 1044 709 1082 sed
742 1056 879 1094 magno
912 1046 1086 1095 poscitur
1118 1043 1181 1081 ille
1215 1042 1310 1080 deo,

309 1103 388 1141 Nec
422 1103 511 1153 quia
544 1102 602 1140 vel
636 1103 790 1153 merui,
821 1102 881 1140 vel
914 1103 1019 1140 sensi
1050 1102 1239 1151 principis
1271 1102 1392 1151 iram,

246 1169 290 1200 50
370 1160 401 1198 A
433 1160 545 1198 nobis
576 1161 705 1210 ipsum
738 1160 838 1198 nolle
870 1165 1004 1210 putate
1037 1159 1133 1198 coli.

309 1218 395 1256 Vidi
427 1230 497 1268 ego
530 1218 715 1268 linigerae
748 1230 893 1256 numen
924 1217 1086 1256 violasse
1119 1217 1304 1255 fatentem

368 1276 481 1315 Isidis
513 1276 656 1314 Isiacos
688 1282 776 1314 ante
809 1276 945 1315 sedere
978 1276 1107 1314 socos.

309 1335 444 1386 Alter,
476 1334 525 1372 ob
558 1335 648 1373 huic
680 1334 845 1373 similem
876 1335 1050 1385 privatus
1081 1334 1226 1372 lumine
1259 1331 1435 1384 culpam,

369 1392 565 1432 Clamabat
596 1392 721 1431 media
754 1405 794 1431 se
828 1394 1017 1431 meruisse
1049 1393 1129 1431 via.

246 1460 290 1490 55
312 1451 417 1490 Talia
450 1451 637 1489 caelestes
670 1452 755 1489 fieri
786 1452 991 1501 praeconia
1023 1450 1214 1501 gaudent,

370 1509 421 1548 Ut
453 1521 522 1547 sua
555 1509 647 1560 quid
680 1509 830 1547 valeant
861 1510 1047 1556 numina,
1080 1514 1178 1547 teste
1211 1506 1401 1558 probent.

313 1568 436 1617 Saepe
468 1567 596 1605 levant
627 1579 772 1618 poenas
804 1573 1015 1617 ereptaque
1046 1566 1192 1605 lumina
1223 1565 1415 1616 reddunt,

371 1625 468 1664 Cum
501 1625 599 1664 bene
632 1627 781 1676 peccati
812 1626 1050 1675 paenituisse
1082 1624 1235 1663 vident.

313 1684 518 1731 Paenitet,
551 1683 601 1722 ol
647 1685 679 1721 si
712 1683 803 1734 quid
836 1685 1071 1722 miserorum
1103 1682 1276 1721 creditur
1308 1680 1399 1733 ulli,

247 1752 291 1782 00
370 1742 575 1793 Paenitet,
609 1748 646 1780 et
678 1743 777 1780 facto
810 1747 997 1791 torqueor
1028 1743 1111 1792 ipse
1144 1752 1253 1778 meo.

314 1800 488 1850 Cumque
521 1802 571 1838 sit
604 1800 790 1851 exilium,
823 1801 944 1849 magis
977 1804 1037 1837 est
1067 1798 1163 1837 mihi
1195 1797 1307 1848 culpa
1339 1796 1485 1836 dolori:

370 1858 517 1908 Estque
549 1860 629 1909 pati
660 1870 823 1909 poenam
843 1889 853 1909 ,
885 1869 999 1908 quam
1033 1859 1222 1896 meruisse
1241 1887 1251 1907 ,
1284 1857 1436 1894 minus.

312 1916 362 1955 U
393 1916 488 1955 mihi
520 1917 558 1955 di
590 1917 769 1967 faveant,
802 1915 944 1966 quibus
976 1920 1036 1954 est
1066 1915 1307 1954 manifestior
1338 1915 1445 1965 ipse:

373 1974 503 2013 Poena
535 1980 664 2025 potest
696 1974 826 2025 demi,
860 1973 972 2024 culpa
1004 1975 1188 2024 perennis
1221 1974 1317 2011 erit.

247 2042 293 2073 65
316 2033 438 2083 [Mors
471 2034 587 2071 saciet
619 2038 749 2082 certe,
786 2044 835 2070 ue
867 2033 970 2083 sim,
1003 2044 1090 2070 cum
1123 2032 1301 2082 venerit,
1334 2030 1446 2069 exul:

374 2091 430 2129 Ne
464 2103 542 2130 non
573 2092 768 2142 peccarim
788 2122 798 2142 ,
831 2102 936 2128 mors
970 2102 1125 2140 quoque
1157 2101 1235 2127 non
1267 2088 1422 2138 saciet]

317 2149 421 2199 [Non
453 2150 573 2200 igitur
605 2150 776 2200 mirum,
810 2149 843 2187 si
875 2160 983 2186 mens
1017 2160 1102 2186 mea
1135 2147 1264 2186 tabida
1297 2147 1396 2186 facta

373 2208 427 2246 De
461 2209 548 2246 nive
581 2208 773 2246 manantis
804 2218 912 2244 more
946 2206 1129 2256 liquescit
1160 2217 1282 2256 aquae
1297 2204 1323 2255 .]

314 2265 434 2304 Estur
466 2272 510 2304 ut
541 2266 692 2305 occulta
724 2266 854 2304 vitiata
887 2264 1061 2303 teredIne
1095 2265 1226 2315 navis,
1490 2270 1531 2302 (4)
