1575 2489
187 90 270 132 194
723 93 786 123 Ex
811 92 966 124 PONTO

361 200 484 238 Verba
505 230 515 250 ,
547 199 652 237 velut
682 201 834 249 tinguat
865 199 1015 250 singula
1035 231 1045 251 ‚
1076 201 1183 238 virus
1214 200 1379 239 habent.

238 265 282 296 35
303 257 490 295 Hostibus
524 258 702 308 eveniat,
735 269 849 306 quam
882 258 934 295 sis
966 257 1158 296 violentus
1189 259 1229 296 in
1261 260 1402 309 armis,

362 314 516 352 Sentire
549 321 588 352 et
618 314 771 364 linguae
803 314 878 352 tela
912 314 1041 353 subire
1074 321 1185 353 tuae.

307 372 412 417 Quae
446 372 515 410 tibi
548 378 624 410 tam
655 373 765 410 tenui
796 384 890 410 cura
921 372 1133 424 limantur,
1164 378 1207 411 ut
1240 385 1374 412 omnes

363 430 480 468 Istius
512 431 712 479 ingenium
745 431 920 481 corporis
953 442 1037 468 esse
1070 437 1234 480 negent.

302 488 350 525 At
382 489 533 538 siquem
564 487 663 526 laedi
695 488 852 526 fortuna
883 490 1011 527 cernis
1042 490 1197 539 iniqua,

241 553 283 583 40
363 545 514 583 Mollior
547 552 605 584 est
637 547 762 583 animo
796 546 937 584 semina
968 545 1072 584 nulla
1103 553 1194 585 tuo,

304 602 386 641 Hoc
420 616 489 653 ego
522 605 730 654 praecipue
763 605 896 654 sensi,
928 616 1016 642 cum
1048 615 1184 654 magna
1215 616 1392 643 meorum

363 661 548 700 Notitiam
580 674 670 712 pars
702 667 761 700 est
792 662 953 700 infitiata
985 663 1083 700 mei.

304 718 500 757 Inmemor
530 719 687 757 illorum
706 750 716 770 ‚
749 721 868 758 vestri
899 731 977 757 non
1009 721 1199 757 inmemor
1232 732 1437 772 umquam,

364 777 439 822 Qui
471 777 569 815 mala
601 777 756 816 solliciti
787 783 920 815 nostra
950 777 1114 828 levatis,
1146 789 1235 816 ero.

239 843 282 873 45
303 834 352 873 Et
384 837 493 886 prius
524 835 586 873 hic
619 837 780 874 nimium
813 835 925 873 nobis
957 836 1222 874 conterminus
1254 835 1384 875 Hister
1440 844 1514 877 (118)

362 893 405 931 In
438 900 554 943 caput
585 893 736 932 Euxino
769 893 815 931 de
848 905 953 932 mare
984 898 1110 931 vertet
1141 894 1239 944 iter,

304 950 430 1001 thue
463 951 677 1002 Thyesteae
711 952 871 989 redeant
903 953 935 990 si
966 958 1140 1002 tempora
1172 963 1352 1003 mensae,

364 1009 464 1047 Solis
497 1009 543 1047 ad
576 1021 665 1048 eoas
697 1021 837 1048 currus
870 1015 1005 1060 agetur
1037 1021 1179 1060 aquas,

305 1066 428 1112 Quam
455 1068 658 1117 quisquam
685 1074 881 1119 vestrum,
903 1069 969 1117 qui
989 1079 1048 1104 me
1073 1066 1251 1106 doluistis
1275 1067 1515 1120 ademptum,

241 1133 284 1163 50
363 1125 511 1174 Arguat
541 1127 736 1175 ingratum
768 1137 845 1163 non
877 1126 1099 1163 meminisse
1131 1126 1213 1163 sui.

801 1251 903 1298 VII.

303 1356 445 1395 Missus
478 1369 518 1395 es
550 1356 720 1395 Euxinas
753 1358 935 1408 quoniam
955 1388 965 1408 ,
998 1356 1189 1409 Vestalis,
1227 1357 1273 1396 ad
1311 1357 1458 1410 undas,

363 1415 413 1453 Ut
443 1416 581 1465 positis
613 1415 752 1453 reddas
785 1417 869 1453 iura
903 1415 974 1454 sub
1007 1427 1075 1453 axe
1107 1416 1225 1467 loeis,

305 1473 456 1522 Aspicis
489 1485 537 1511 en
568 1485 754 1523 praesens
773 1504 783 1524 ,
817 1473 919 1523 quali
950 1475 1143 1512 iaceamus
1174 1475 1214 1511 in
1247 1486 1360 1526 arvo,

364 1530 443 1569 Nec
475 1543 536 1569 me
568 1533 679 1569 testis
712 1532 789 1569 eris
820 1531 913 1569 falsa
946 1531 1070 1569 solere
1102 1533 1236 1581 queri.

266 1597 285 1627 5
306 1589 475 1627 Accedet
506 1591 592 1627 voci
623 1601 693 1640 per
724 1595 762 1627 te
794 1601 871 1627 non
902 1591 1013 1627 irrita
1045 1595 1224 1640 nostrae,

364 1647 513 1697 Alpinis
544 1648 695 1685 iuvenis
728 1647 885 1697 regibus
917 1653 1001 1685 orte
1020 1679 1031 1698 ,
1062 1647 1179 1685 fides.

305 1704 391 1756 Ipse
425 1705 530 1743 vides
563 1712 667 1743 certe
700 1705 820 1755 glacie
854 1718 1107 1743 concrescere
1139 1706 1330 1757 Pontum,

364 1762 450 1813 Ipse
482 1763 589 1801 vides
620 1763 745 1813 rigido
778 1765 917 1801 stantia
949 1765 1035 1801 vina
1067 1763 1178 1814 gelu3

307 1820 393 1871 Ipse
426 1821 562 1872 vides,
594 1827 753 1859 onerata
785 1821 890 1860 ferox
925 1827 968 1859 ut
999 1822 1115 1860 ducat
1146 1822 1254 1872 Iazyx

246 1887 286 1918 10
365 1879 440 1917 Per
472 1880 617 1918 medias
650 1878 771 1917 Histri
803 1879 975 1930 plaustra
1006 1879 1199 1918 bubulcus
1231 1891 1374 1930 aquas.

307 1938 459 1987 Aspicis
493 1943 531 1975 et
561 1939 662 1976 mitti
695 1937 767 1976 sub
800 1937 949 1976 adunco
981 1939 1106 1976 toxica
1139 1938 1265 1989 ferro,

365 1995 414 2034 Et
445 1995 564 2034 telum
598 2007 733 2034 causas
765 1997 901 2034 mortis
934 1995 1076 2033 habere
1110 1996 1226 2034 duas.

309 2054 435 2104 Atque
468 2055 616 2092 utinam
647 2065 737 2105 pars
769 2054 862 2092 haec
896 2059 1045 2092 tantum
1078 2059 1249 2104 spectata
1281 2054 1440 2106 fuisset,

366 2111 450 2149 Non
483 2113 599 2150 etiam
631 2113 789 2162 proprio
822 2113 975 2162 cognita
1005 2111 1126 2150 Marte
1159 2111 1251 2150 tihi!

246 2177 287 2208 15
309 2169 486 2208 Tendisti
517 2170 563 2208 ad
595 2172 763 2221 primum
794 2182 865 2221 per
896 2170 1014 2208 densa
1045 2170 1218 2220 pericula
1250 2170 1394 2222 pilum,

366 2228 536 2278 Contigit
568 2241 614 2267 ex
645 2230 783 2266 merito
817 2229 884 2278 qui
915 2227 984 2267 tihi
1016 2240 1142 2279 nuper
1173 2228 1318 2267 honor.

309 2285 368 2324 Sit
398 2286 488 2324 licet
519 2286 582 2325 hic
615 2286 751 2325 titulus
782 2286 906 2338 plenis
938 2285 1009 2325 tibi
1040 2286 1232 2326 fructibus
1262 2288 1422 2339 ingens,
1442 2296 1515 2328 (119)
1572 2289 1573 2305 ³
