1575 2489
544 79 607 110 111.
636 80 830 112 544-615.
1266 76 1351 118 275

51 192 118 223 580
196 185 382 236 Asperior
414 187 549 236 quovis
582 198 750 237 aequore
782 186 903 224 frater
935 191 1040 225 erat.

136 241 207 281 Est
238 255 359 294 prope
390 245 566 294 piscosos
597 244 760 295 lapidosi
792 243 986 282 Crathidis
1019 255 1151 282 amnes

194 300 341 340 Parvus
373 313 491 353 ager,
526 302 714 341 Cameren
745 302 871 341 incola
903 301 1017 341 turba
1049 308 1181 341 vocat:

137 358 232 397 Illuc
264 371 403 398 cursus
437 366 548 399 erat.
603 373 676 400 nec
708 361 861 411 longius
892 361 988 399 afuit
1019 360 1133 411 inde,

195 416 317 461 Quam
350 423 538 468 quantum
569 420 703 458 novies
735 421 889 458 mittere
921 418 1039 457 funda
1070 423 1221 469 potest:

51 482 115 514 585
136 475 224 513 Vela
257 475 402 514 cadunt
431 478 558 527 primo
591 484 629 516 et
661 477 777 516 dubia
807 477 999 515 librantur
1031 476 1078 514 ab
1111 488 1226 515 aura.

195 529 370 572 ‘Findite
402 531 587 586 remigio'
621 537 748 574 navita
779 535 875 574 dixit
906 531 1092 585 eaquasl'

135 591 313 643 Dumque
345 598 483 643 parant
515 599 616 632 torto
650 594 870 632 subducere
903 593 1062 632 carbasa
1092 592 1193 644 lino,

193 650 419 690 Percutitur
450 652 584 703 rapido
616 654 758 703 puppis
790 652 938 690 adunca
969 657 1085 702 noto,

138 708 258 758 Inque
289 715 426 760 patens
459 722 635 762 aequor,
666 711 812 749 frustra
843 715 1041 760 pugnante
1072 710 1279 760 magistrO,

50 773 114 805 590
194 766 337 806 Fertur
356 799 367 819 ‚
399 773 438 807 et
469 781 516 807 ex
549 769 671 807 oculis
704 770 784 807 visa
815 769 960 818 refugit
991 768 1156 806 humus.

135 824 330 865 Adsiliunt
359 826 503 865 fluctus
523 858 533 878 ,
564 828 721 877 imoque
754 838 774 864 a
806 828 958 876 gurgite
991 831 1134 876 pontus

195 882 397 936 Vertitur,
431 891 469 924 et
501 897 615 923 canas
647 884 777 923 alveus
809 884 940 923 haurit
971 895 1113 934 aquas.

136 940 329 991 [Vincitur
360 954 423 981 ars
454 948 597 982 vento.
654 954 726 981 nec
758 944 833 981 iam
865 941 1087 981 moderator
1118 941 1280 980 habenis

194 998 355 1053 Utitur,
386 1007 452 1040 aut
482 1002 581 1040 votis
612 1000 672 1039 his
706 1013 861 1052 quoque
894 1002 1021 1051 poscit
1053 1012 1166 1051 opem
1182 999 1208 1049 .]

49 1064 115 1096 595
136 1057 305 1097 Iactatur
336 1059 504 1098 tumidas
538 1059 625 1098 exul
657 1059 869 1097 Phoenissa
901 1071 971 1110 per
1002 1058 1150 1110 undas,
1277 1067 1350 1098 (100)

193 1116 407 1168 Umidaque
440 1119 616 1169 opposita
647 1118 792 1156 lumina
824 1123 930 1156 veste
962 1118 1081 1168 tegit.

136 1174 245 1214 Tunc
277 1177 447 1226 primum
478 1176 575 1214 Dido
607 1175 699 1214 felix
730 1181 790 1214 est
822 1175 924 1214 dicta
956 1176 1083 1214 sorori

193 1233 243 1272 Et
274 1246 542 1285 quaecumque
576 1234 742 1285 aliquam
774 1246 939 1285 corpore
971 1234 1116 1284 pressit
1147 1233 1331 1272 humum.

134 1291 286 1342 Figitur
318 1293 365 1331 ad
395 1292 570 1331 Laurens
602 1294 750 1343 ingenti
781 1292 936 1331 flamine
968 1292 1061 1331 litus

48 1357 115 1389 600
193 1350 340 1402 Puppis
360 1383 370 1403 ‚
401 1357 441 1390 et
472 1353 656 1403 expositis
689 1351 869 1390 omnihus
901 1351 1039 1390 hausta
1070 1351 1193 1401 perit.

134 1407 214 1447 Iam
245 1411 333 1460 pius
364 1410 514 1448 Aeneas
546 1422 667 1460 regno
700 1415 866 1461 nataque
898 1409 1026 1448 Latini

193 1468 342 1507 Auctus
373 1474 484 1520 erat,
517 1467 682 1519 populos
714 1470 1002 1519 miscueratque
1036 1467 1156 1506 duos,

135 1524 266 1564 Litore
299 1525 416 1565 dotali
448 1527 529 1565 solo
562 1528 768 1565 comitatus
800 1526 944 1565 Achate

195 1583 397 1624 Secretum
429 1585 533 1624 nudo
566 1585 658 1624 dum
690 1585 787 1636 pede
820 1586 946 1635 carpit
975 1585 1074 1635 iter,

49 1649 114 1682 605
135 1643 284 1694 Aspicit
315 1648 540 1695 errantem,
573 1656 645 1682 nec
678 1643 839 1682 credere
873 1644 1041 1682 sustinet
1071 1643 1220 1681 Annam

194 1700 290 1740 Esse
311 1732 319 1741 .
376 1702 467 1752 qnid
499 1704 539 1740 in
570 1701 701 1741 Latios
732 1702 795 1740 illa
827 1703 979 1740 veniret
1011 1698 1157 1752 agros?

134 1759 233 1798 Dum
267 1771 400 1799 secum
432 1761 580 1798 Aeneas
599 1792 610 1813 ,
643 1758 768 1799 ‘Anna
799 1756 902 1800 estl'
942 1760 1130 1799 exclamat
1160 1758 1349 1798 Achates.

193 1817 249 1856 Ad
282 1830 423 1857 nomen
455 1818 581 1857 voltus
614 1818 773 1857 sustulit
802 1818 866 1857 illa
897 1830 1012 1857 suos.

137 1876 220 1922 Quo
247 1875 405 1927 fugiat?
444 1876 536 1928 quid
563 1875 686 1928 agat?
724 1889 821 1927 quos
847 1883 976 1916 terrae
1004 1881 1165 1927 quaerat
1191 1873 1350 1915 hiatus?

50 1943 117 1974 610
193 1935 292 1974 Ante
324 1935 458 1974 oculos
490 1937 654 1975 miserae
687 1935 764 1974 fata
796 1937 943 1974 sororiS
976 1940 1109 1973 erant.

137 1992 296 2046 Sensit,
327 1999 366 2033 et
396 1993 620 2044 adloquitur
651 1993 842 2045 trepidam
875 1993 1105 2044 Cythereius
1136 1992 1278 2044 heros;

194 2051 279 2090 Flet
310 2057 438 2091 tamen
471 2052 669 2091 admonitu
702 2058 831 2091 motus
850 2084 860 2103 ,
892 2051 1045 2104 Elissa,
1077 2052 1158 2090 tui:

136 2105 289 2162 ‘Anna‚
320 2122 392 2161 per
423 2111 521 2150 hanc
553 2113 639 2150 iuro
658 2141 669 2163 ‚
702 2123 816 2163 quam
843 2110 1037 2162 quondam
1070 2109 1203 2149 audire

860 2168 1011 2207 solebas

195 2227 391 2266 Tellurem
424 2227 500 2267 sato
533 2229 781 2280 prosperiore
813 2227 919 2279 dari,

51 2292 117 2325 615
137 2285 289 2338 Perque
322 2286 415 2325 deos
447 2288 609 2326 comites
628 2317 639 2339 ,
670 2286 741 2325 hac
773 2298 900 2338 nuper
932 2285 1023 2325 sede
1055 2285 1223 2336 locatos,

1069 2353 1139 2386 18*
