1575 2489
571 64 598 96 Ι.
625 72 640 97 1
661 67 785 98 33—11
805 67 859 98 25.
1302 62 1384 103 123

105 182 149 212 70
227 172 424 222 Aequorei
456 171 636 222 scopulos
668 178 711 210 ut
743 178 850 211 cavat
880 172 983 211 unda
1015 172 1126 224 salis,

170 230 334 269 Roditur
364 234 409 269 ut
440 229 576 268 scabra
606 232 778 280 positum
809 230 986 281 robigine
1018 231 1190 282 serrum,

230 287 417 327 Conditus
450 293 494 326 ut
524 289 650 327 tineae
684 290 858 338 carpitur
890 301 955 327 ore
989 288 1109 327 liber:

172 346 235 385 Sic
266 358 352 384 mea
382 351 594 396 perpetuos
626 358 809 385 curarum
842 353 1000 397 pectora
1032 359 1208 398 morsus,

227 404 323 442 Fine
356 403 497 454 quibus
530 403 635 442 nullo
668 406 953 457 conficiantur,
985 404 1150 443 habent.

108 472 150 502 75
171 462 250 500 Nec
280 463 391 512 prius
423 462 464 500 hi
496 468 665 501 mentem
700 463 874 515 stimuli,
912 475 1026 513 quam
1059 465 1135 502 vita
1167 462 1386 513 relinquet,

230 519 382 571 Quique
415 520 549 572 dolet,
582 522 697 559 citius
730 533 846 572 quam
879 521 988 559 dolor
1019 523 1103 572 ipse
1136 521 1267 559 cadet.

172 578 253 616 Hoc
279 578 374 616 mihi
406 580 440 617 si
471 580 628 629 superi,
655 591 822 629 quorum
849 591 984 618 sumus
1018 581 1169 631 omnia,
1202 578 1386 630 credent,

229 635 407 675 Forsitan
439 638 577 687 exigua
610 637 750 687 dignus
781 637 953 675 habebor
985 649 1082 689 ope,

169 694 291 744 Inque
323 694 451 733 locum
487 695 666 745 Scythico
700 707 864 734 vacuum
896 695 1075 733 mutabor
1108 694 1154 733 ab
1187 707 1303 734 arcu.

106 761 150 792 80
228 752 321 791 Plus
353 754 457 805 isto,
491 753 608 805 duri,
641 754 674 791 si
704 765 872 805 precer,
904 755 982 791 oris
1015 765 1106 792 ero.

684 880 742 926 Π.

170 985 333 1023 Maxime
352 1017 362 1037 ,
396 986 462 1036 qui
493 986 590 1024 tanti
622 997 843 1023 mensuram
876 987 1044 1024 nominis
1076 986 1215 1037 imples

229 1043 278 1082 Et
309 1045 481 1093 geminas
514 1045 631 1082 animi
662 1043 862 1082 nobilitate
895 1056 1047 1095 genus:

172 1101 247 1147 Qui
279 1103 386 1140 nasci
418 1107 460 1140 ut
491 1114 657 1154 posses,
690 1104 864 1152 quamvis
897 1103 1074 1141 cecidere
1108 1103 1298 1153 trecenti,

229 1159 315 1198 Non
347 1161 472 1198 omnis
504 1159 644 1198 Fabios
676 1160 836 1198 abstulit
867 1173 943 1199 una
976 1161 1081 1200 dies:

129 1226 150 1256 5
171 1218 349 1257 Forsitan
379 1218 475 1256 haec
506 1230 527 1257 a
559 1230 635 1269 quo
668 1220 844 1257 mittatur
876 1219 1066 1271 epistola,
1100 1231 1286 1271 quaeras,

231 1277 405 1327 Quisque
437 1276 575 1327 loquar
606 1282 765 1328 tecum,
798 1278 942 1316 certior
975 1289 1060 1316 esse
1093 1277 1210 1316 velis.

171 1334 217 1372 Ei
248 1334 372 1373 mihi!
417 1335 509 1385 quid
542 1335 678 1373 faciam
698 1332 719 1372 ?
765 1347 901 1373 vereor
920 1367 930 1387 ,
962 1348 1011 1374 ne
1043 1337 1200 1374 nomine
1234 1335 1333 1374 lecto

130 1401 150 1431 8
229 1393 358 1432 Durus
391 1399 429 1431 et
460 1405 594 1431 aversa
626 1398 755 1431 cetera
787 1398 916 1431 mente
949 1393 1075 1444 legas.

110 1459 150 1489 11
174 1451 352 1491 Videris:
403 1451 552 1490 audebo
585 1451 656 1490 tibi
688 1463 749 1489 me
782 1453 987 1502 scripsisse
1021 1452 1135 1491 fateri

173 1569 275 1618 Qui,
308 1580 397 1606 cum
428 1580 490 1606 me
521 1580 646 1619 poena
678 1568 837 1618 dignum
869 1570 1045 1619 graviore
1079 1569 1199 1607 fuisse
1349 1579 1388 1607 (ὁ)

230 1626 424 1665 Confitcar
442 1657 453 1678 ,
485 1639 644 1677 possum
678 1628 739 1664 vix
771 1628 945 1676 graviora
977 1628 1081 1677 pati.

110 1692 151 1723 15
173 1684 358 1723 Hostibus
390 1686 430 1723 in
463 1685 600 1723 mediis
632 1686 812 1735 interque
845 1684 1019 1736 pericula
1052 1697 1209 1736 versor,

229 1743 443 1794 Tamquam
477 1756 565 1781 cum
596 1744 720 1794 patria
752 1755 827 1793 pax
860 1745 910 1782 sit
941 1743 1120 1794 adempta
1153 1744 1269 1782 mihi:

172 1801 275 1853 Qui,
307 1803 444 1840 mortis
477 1813 590 1840 saevo
622 1803 819 1852 geminent
852 1807 895 1840 ut
926 1802 1086 1840 vulnere
1120 1814 1281 1855 causas,

229 1859 367 1898 Omnia
400 1861 556 1910 vipereo
589 1859 737 1910 spicula
769 1859 857 1898 felle
889 1860 1040 1899 linunt.

170 1917 239 1956 Ilis
271 1930 392 1969 eques
424 1920 641 1957 instructus
672 1920 882 1969 perterrita
914 1920 1066 1957 moenia
1098 1918 1239 1957 lustrat

108 1983 152 2015 20
229 1976 336 2014 More
367 1976 449 2027 lupi
481 1976 631 2015 clausas
663 1978 905 2015 circueuntis
938 1988 1052 2015 oves:

170 2034 219 2073 At
251 2034 365 2073 simul
396 2036 571 2074 intentus
602 2047 721 2073 nervo
754 2034 848 2073 levis
881 2047 995 2073 arcus
1028 2036 1195 2086 equino,

229 2092 389 2131 Vincula
421 2105 575 2144 semper
607 2093 754 2132 habens
786 2093 1026 2144 inresoluta,
1061 2099 1195 2145 canet,

173 2150 290 2189 Tecta
321 2153 449 2202 rigent
480 2152 566 2190 fixis
599 2151 718 2190 veluti
750 2151 885 2190 vallata
918 2153 1092 2202 sagittis,

228 2208 423 2260 Portaque
455 2211 518 2248 vix
550 2211 659 2248 firma
692 2216 909 2248 summovet
941 2222 1047 2248 arma
1079 2222 1188 2249 sera.

107 2274 151 2305 25
172 2266 277 2306 Adde
309 2267 384 2306 loci
415 2268 553 2307 faciem
584 2280 657 2307 nec
690 2268 826 2307 fronde
860 2280 931 2307 nec
964 2268 1103 2308 arbore
1135 2268 1247 2320 laeti,
