1575 2489
637 88 697 121 VI.
724 90 917 123 398—468,
1358 88 1442 129 345

142 204 208 235 435
229 197 374 235 Auctor
405 197 444 234 in
476 197 626 235 incerto
646 227 656 247 ‚
687 208 751 235 res
783 201 844 235 est
874 196 1074 236 Romana.
1130 201 1264 235 tuetur
1367 205 1441 237 (210)

287 254 400 292 Vesta
419 284 430 304 ‚
462 254 564 304 quod
597 255 751 293 assiduo
783 254 928 293 lumine
961 261 1101 294 cuncta
1133 255 1257 293 videt.

228 312 313 350 Heu
346 318 534 363 quantum
566 314 731 351 timuere
762 318 894 364 patres
913 345 924 365 ,
956 325 1032 364 quo
1065 318 1241 364 tempore
1274 312 1387 352 Vesta

286 371 419 421 Arsit,
452 375 490 409 et
523 376 581 409 est
612 373 728 409 tectis
759 371 898 410 obruta
930 383 1052 422 paene
1085 370 1190 410 suis!

228 428 458 479 Flagrabant
490 431 614 468 sancti
646 429 845 468 sceleratis
877 429 1032 480 ignibus
1064 431 1197 482 ignes,

141 495 207 525 440
286 486 480 537 Mixtaque
514 493 596 526 erat
627 487 802 526 flammae
833 487 986 527 flamma
1017 489 1178 539 profana
1208 488 1316 538 piae.

228 544 422 583 Attonitae
454 544 599 583 flebant
630 546 798 585 demisso
832 548 939 585 crine
972 548 1195 585 ministrae:

285 602 509 641 Abstulerat
540 605 642 642 vires
674 605 850 655 corporis
882 606 964 655 ipse
997 606 1136 643 timor.

227 661 405 700 Provolat
436 663 476 699 in
508 662 678 701 medium
697 693 707 713 ‚
741 667 779 701 et
810 675 947 713 magna
980 660 1219 701 ‘succurrite
1241 659 1273 701 l'
1306 673 1399 700 voce

286 716 393 758 ‘Non
425 725 485 758 est
517 720 701 759 auxilium
733 718 847 759 ssere'
881 720 1061 760 Metellus
1093 722 1166 760 ait.

140 786 206 816 445
229 775 416 828 ePignora
447 779 631 828 virgineis
664 779 790 817 fatalia
823 779 943 818 tollite
975 778 1135 830 palmis!

285 836 370 874 Non
403 849 446 874 ea
479 843 570 875 sunt
602 843 718 888 voto,
751 837 819 875 sed
851 838 1035 888 rapienda
1067 835 1205 875 manu!

227 894 285 932 Me
318 894 534 933 miserum!
580 895 764 934 dubitatis
784 892 824 934 ‘?'
858 897 938 934 ait.
995 895 1172 933 dubitare
1205 894 1381 946 videbat,

284 952 334 991 Et
364 953 520 1003 pavidas
551 954 677 1004 posito
709 953 966 1004 procubuisse
999 966 1122 1004 genu.

225 1010 364 1049 Haurit
396 1023 514 1061 aquas
533 1042 543 1062 ‚
575 1010 794 1062 tollensque
826 1023 963 1050 manus
983 1043 993 1062 ,
1026 1009 1235 1062 ‘ignoscite
1255 1008 1287 1062 ‚²
1321 1011 1416 1050 dixit

140 1078 205 1108 450
286 1066 454 1107 ‘Sacrat
499 1070 556 1107 vir
587 1069 740 1108 intrabo
773 1082 850 1108 non
883 1070 1059 1108 adeunda
1091 1071 1197 1108 viro.

227 1127 267 1166 Si
300 1127 427 1165 scelus
460 1133 547 1178 est,
578 1129 618 1165 in
650 1139 711 1166 me
745 1129 942 1167 commissi
973 1140 1098 1178 poena
1130 1127 1345 1166 redundet:

287 1185 345 1224 Sit
377 1187 513 1236 capitis
546 1185 684 1224 damno
717 1186 838 1224 Roma
871 1186 995 1225 soluta
1026 1183 1146 1225 mei.'
1181 1206 1186 1210 ·

226 1244 358 1295 Dixit,
392 1249 429 1282 et
460 1245 630 1295 irrupit.
687 1244 832 1283 sactum
865 1245 935 1283 dea
967 1251 1076 1295 rapta
1108 1244 1309 1296 probavit,

283 1302 561 1352 Pontificisque
595 1303 655 1341 sui
686 1315 848 1342 munere
881 1309 963 1342 tuta
995 1303 1091 1342 fuit.

138 1370 205 1400 455
226 1361 338 1399 Nunc
369 1360 469 1399 bene
501 1360 640 1399 lucetis
673 1373 805 1400 sacrae
837 1361 909 1400 sub
943 1361 1105 1400 Caesare
1137 1361 1337 1400 flammae:

285 1419 388 1469 Ignis
420 1421 460 1457 in
492 1418 617 1457 Iliacis
649 1431 753 1458 nunc
786 1421 862 1458 erit
893 1425 1030 1471 estque
1063 1421 1183 1458 focis.

226 1477 416 1528 Nullaque
448 1477 600 1515 dicetur
632 1479 745 1516 vittas
778 1484 990 1517 temerasse
1023 1478 1204 1517 sacerdos

284 1536 366 1574 Hoc
398 1536 526 1587 duce,
559 1548 630 1574 nec
663 1538 745 1574 viva
777 1537 997 1575 defodietur
1029 1537 1171 1576 hunm.

228 1594 290 1632 Sic
323 1596 470 1632 incesta
503 1595 633 1645 perit,
666 1596 755 1643 quia
788 1607 903 1645 quam
936 1595 1116 1646 violavit,
1149 1596 1189 1633 in
1221 1594 1323 1633 illam

139 1662 205 1692 460
286 1652 474 1691 Conditur
494 1684 504 1703 ‚
537 1658 575 1690 et
607 1652 738 1691 Tellus
771 1653 963 1704 Vestaque
995 1665 1140 1692 numen
1172 1653 1276 1692 idem
1308 1658 1388 1691 est.

226 1711 325 1749 Tum
358 1711 432 1748 sibi
464 1710 628 1749 Callaico
660 1711 806 1750 Brutus
838 1723 1053 1762 cognomen
1087 1711 1133 1750 ab
1165 1711 1276 1750 hoste

285 1768 423 1820 Fecit,
456 1774 494 1807 et
526 1768 735 1820 Hispanam
767 1772 954 1821 sanguine
986 1771 1102 1808 tinxit
1133 1770 1317 1809 humum.

229 1827 385 1866 Scilicet
416 1827 612 1866 interdum
645 1829 860 1867 miscentur
891 1830 1018 1867 tristia
1049 1828 1184 1880 laetis,

285 1885 365 1924 Nec
396 1886 583 1936 populum
616 1891 697 1925 toto
729 1892 888 1937 pectore
921 1887 1017 1925 festa
1049 1888 1204 1925 iuvant.

140 1954 205 1985 465
227 1945 390 1984 Crassus
423 1944 469 1982 ad
502 1944 727 1994 Euphraten
760 1945 906 1995 aquilas
938 1950 1150 1996 natumque
1184 1957 1353 1996 suosque

284 2002 487 2054 Perdidit,
520 2009 558 2041 et
588 2003 665 2041 leto
698 2009 756 2042 est
788 2003 948 2042 ultimus
980 2005 1063 2054 ipse
1096 2003 1231 2043 datus.

228 2059 419 2113 ‘Parthe‚
452 2061 544 2112 quid
578 2061 726 2100 exultas
746 2058 786 2100 ‘?'
821 2062 918 2100 dixit
948 2061 1019 2100 dea
1052 2058 1180 2112 ‘signa
1213 2063 1412 2115 remittes,

286 2120 438 2173 Quique
471 2131 607 2159 necem
641 2119 770 2159 Crassi
801 2120 1000 2174 vindicet,
1032 2120 1136 2159 ultor
1168 2117 1286 2160 erit.'
