1601 2484
252 68 308 110 64

808 69 1031 101 TRISTIUM

885 199 944 245 Π.

369 294 449 332 Iam
482 294 563 331 fera
596 291 826 331 Caesaribus
859 291 1092 344 Germania,
1124 298 1230 331 totus
1261 298 1306 332 ut
1336 291 1465 343 orbis,

369 351 477 390 Victa
509 355 639 401 potest
670 350 769 388 ssexo
802 350 1056 390 succubuisse
1088 363 1213 402 genu,

371 409 534 460 Altaque
566 408 743 446 velentur
775 409 940 447 fortasse
971 409 1115 447 Palatia
1147 410 1286 460 sertis,

370 467 552 517 Turaque
584 468 622 504 in
655 467 743 516 igne
776 472 915 505 sonent
945 467 1197 517 inficiantque
1230 467 1356 517 diem,

330 532 351 563 5
372 525 619 575 Candidaque
651 524 816 562 adducta
848 524 989 563 collum
1022 537 1208 575 percussa
1240 526 1369 563 securi

370 583 532 622 Victima
564 594 764 632 purpureo
796 584 983 632 sanguine
1014 583 1144 634 pulset
1174 583 1356 634 humum,

370 642 554 692 Donaque
587 641 800 679 amicorum
832 641 986 691 templis
1018 643 1209 691 promissa
1241 641 1402 679 deorum

370 700 548 738 Reddere
580 700 748 737 victores
782 698 922 737 Caesar
953 704 1119 750 uterque
1151 704 1289 750 parent

371 758 420 796 Et
453 759 518 808 qui
551 757 739 795 Caesareo
772 758 932 795 iuvenes
965 756 1036 795 sub
1069 759 1224 795 nomine
1257 762 1463 808 crescunt,

310 824 351 854 10
372 816 567 866 Perpetuo
600 821 724 853 terras
756 820 800 853 ut
831 815 968 854 domus
999 815 1062 853 illa
1094 821 1225 866 regat,

372 874 546 924 Cumque
580 873 691 911 bonis
723 873 888 912 nuribus
920 885 990 924 pro
1023 875 1169 924 sospite
1201 873 1306 911 Livia
1338 877 1427 911 nato

373 933 534 970 Munera
567 932 631 970 det
662 933 814 970 meritis
835 962 846 982 ,
878 943 992 982 saepe
1026 931 1162 970 datura
1181 963 1191 983 ,
1223 932 1329 982 deis,

372 990 422 1029 Et
453 991 598 1041 pariter
630 995 774 1028 matres
806 996 845 1027 et
876 1001 974 1040 quae
1007 991 1089 1028 sine
1122 991 1285 1028 crimine
1317 994 1444 1027 castos

371 1049 565 1099 Perpetua
597 1053 753 1086 servant
784 1049 1004 1097 virginitate
1036 1048 1166 1099 focos3

310 1114 350 1144 15
372 1106 486 1144 Plebs
519 1108 580 1156 pia
613 1118 780 1156 cumque
812 1107 875 1155 pia
906 1105 1072 1144 laetetur
1104 1105 1216 1156 plebe
1249 1111 1430 1157 senatuS,

371 1165 570 1214 Parvaque
604 1165 716 1202 cuius
748 1176 853 1202 eram
886 1176 975 1214 pars
1008 1176 1078 1214 ego
1111 1176 1260 1215 nuper,
1292 1176 1435 1214 eques,

371 1223 449 1261 Nos
482 1222 619 1273 procul
651 1221 834 1272 expulsos
865 1224 1083 1260 communia
1116 1222 1254 1272 gaudia
1286 1222 1446 1273 fallunt,

372 1281 564 1331 Famaque
598 1286 674 1318 tam
707 1280 820 1330 longe
853 1292 930 1318 non
963 1281 1039 1318 nisi
1070 1292 1186 1330 parva
1217 1281 1348 1318 venit.

372 1339 475 1389 Ergo
508 1340 634 1376 omnis
666 1338 833 1388 populus
865 1339 1010 1388 poterit
1042 1344 1217 1389 spectare
1250 1338 1491 1390 triumphos,

309 1405 353 1435 20
374 1397 547 1448 Cumque
580 1396 724 1435 ducum
758 1396 879 1435 titulis
911 1396 1050 1447 oppida
1084 1403 1194 1447 capta
1224 1396 1348 1448 leget,

374 1455 585 1506 Vinclaque
619 1457 767 1505 captiva
799 1466 911 1504 reges
943 1456 1094 1493 cervice
1127 1460 1307 1505 gerentes

373 1517 472 1552 Ante
505 1518 710 1551 coronatos
742 1514 798 1550 ire
831 1512 976 1550 videbit
1008 1525 1152 1564 equos,

374 1572 422 1610 Et
454 1576 589 1609 cernet
620 1570 749 1609 vultus
782 1570 864 1609 aliis
896 1582 968 1621 pro
1002 1576 1176 1622 tempore
1208 1582 1365 1622 versos,

374 1629 588 1668 Terribiles
621 1628 704 1667 aliis
736 1630 1050 1679 inmemoresque
1083 1630 1167 1668 sui.

311 1696 353 1726 25
375 1689 550 1733 Quorum
583 1699 671 1738 pars
704 1699 839 1725 causas
871 1694 908 1725 et
940 1699 1003 1725 res
1036 1693 1075 1725 et
1105 1689 1260 1726 nomina
1293 1692 1476 1738 quaeret,

372 1747 467 1785 Pars
499 1746 672 1796 referet,
705 1747 879 1795 quamvis
912 1747 1063 1783 noverit
1093 1745 1157 1783 illa
1188 1758 1348 1796 parum.

374 1802 484 1856 Ἧίο,
517 1805 584 1854 qui
617 1803 775 1841 Sidonio
809 1803 930 1854 fulget
962 1803 1138 1842 sumeis
1170 1806 1210 1842 in
1242 1809 1371 1855 ostr0‚

374 1863 459 1901 Dux
485 1863 611 1900 fuerat
642 1861 754 1912 belli,
787 1863 986 1912 proximus
1018 1861 1080 1900 ille
1113 1862 1226 1901 duci.

373 1921 474 1972 Hic,
507 1922 575 1971 qui
606 1932 710 1958 nunc
742 1921 781 1957 in
814 1920 930 1958 humo
962 1920 1093 1958 lumen
1125 1919 1344 1958 miserabile
1377 1920 1483 1971 fixit,

314 1988 357 2018 30
378 1979 462 2017 Non
495 1980 569 2016 isto
601 1978 739 2028 vultu,
772 1990 861 2016 cum
893 1978 981 2016 tulit
1013 1991 1146 2030 arma,
1180 1979 1273 2017 fuit.

375 2037 441 2075 Ille
474 2038 583 2075 serox
616 2042 655 2075 et
685 2036 811 2074 adhuc
843 2037 965 2074 oculis
998 2036 1205 2075 hostilibus
1239 2037 1379 2075 ardens

375 2095 560 2134 Hortator
590 2106 742 2145 pugnae
774 2094 1057 2145 consiliumque
1091 2095 1185 2133 fuit.

375 2153 554 2192 Perfidus
586 2153 648 2191 hic
679 2158 834 2191 nostros
866 2152 1024 2191 inclusit
1055 2153 1190 2191 fraude
1221 2153 1419 2205 locorum,

377 2211 558 2262 Squalida
590 2212 793 2262 promissis
825 2213 891 2261 qui
923 2212 1019 2261 tegit
1050 2223 1115 2250 ora
1149 2214 1293 2250 comis.

313 2278 356 2308 35
378 2269 474 2321 Illo,
508 2271 574 2320 qui
607 2271 812 2320 sequitur,
845 2269 980 2308 dicunt
1012 2276 1175 2309 mactata
1207 2271 1387 2308 ministro
