1601 2484
212 68 298 102 XVI

214 176 376 215 Heinsio
400 177 551 226 pridem
578 176 791 225 displicuit,
818 178 857 214 et
875 176 1041 225 paginae
1062 178 1231 226 quinque
1250 178 1421 226 produci,
1454 180 1540 216 tum

215 236 297 273 337
333 236 428 284 338,
460 247 555 284 quos
587 234 824 272 Schraderus
857 235 1056 282 suspectos
1088 235 1270 284 habebat,
1302 231 1463 273 ‘tamen'
1495 239 1540 274 ut

214 288 317 330 eeiici
346 293 411 330 vix
440 288 570 341 posse'
601 294 769 340 putaret.
843 291 910 328 sed
941 291 1007 340 qui
1037 292 1307 341 interpolavit,
1340 293 1379 330 id
1410 294 1539 342 ipsum

219 351 420 398 spectavit,
452 362 500 386 ne
534 350 654 396 thue
682 362 718 387 v.
746 350 828 387 335
862 349 943 386 sine
976 349 1138 398 apodosi
1162 352 1277 398 esset,
1309 363 1383 400 quo
1408 354 1541 389 tamen

211 408 311 445 nihil
352 407 595 456 frequentius
637 407 678 444 in
721 406 902 446 carmine.
975 408 1149 445 scholion
1194 408 1296 457 quod
1339 411 1399 446 est
1436 410 1540 457 apud

216 466 416 514 Ellisium,
454 466 528 503 Isti
565 466 638 503 duo
669 477 800 503 versus
837 467 1127 512 correspondent
1154 466 1257 514 rell,
1293 468 1424 514 potest
1456 479 1540 504 esse

213 524 312 572 eius,
345 524 411 573 qui
436 523 482 561 de
502 523 658 561 distichi
676 523 750 560 fide
770 522 978 561 dubitaret.
1052 524 1375 572 interpolatorem
1395 524 1540 562 scholia

216 594 295 618 non
324 582 466 630 legisse
493 583 658 630 oportet,
684 593 782 629 quae
808 592 896 618 cum
914 580 1133 619 Heraclidis
1160 581 1206 619 de
1226 584 1352 620 morte
1372 582 1541 620 adulteri

210 640 438 677 testimonio
470 639 704 688 conspirant.
1289 656 1292 657 ⁷

330 698 434 735 Satis
467 700 527 735 est
559 697 741 735 credibile
773 697 868 735 haec
900 697 1084 746 disticha,
1122 698 1186 735 vel
1222 698 1256 735 si
1287 698 1420 746 spuria
1451 698 1539 746 sint,

213 757 257 793 ut
290 755 504 794 Schradero
542 755 688 804 visum,
727 755 857 804 priore
894 755 977 793 loco
1018 755 1222 793 coniuncta
1251 755 1389 804 fuisse,
1425 768 1541 804 quem

211 813 424 851 admodum
465 813 671 851 historiam
713 815 920 862 utramque
961 813 1063 861 apud
1101 811 1300 861 Ovidium,
1344 813 1540 862 Senecam,

212 872 310 909 alios
347 872 530 920 usurpari
576 872 707 909 docuit
749 871 908 908 Ellisius
945 884 981 919 p.
1017 872 1116 909 139:
1161 870 1264 919 quod
1299 872 1406 917 ferox
1436 871 1541 908 intra

215 942 352 967 versus
386 933 536 978 septem
573 930 754 978 recurrit,
791 941 869 966 non
899 931 959 966 est
994 929 1114 977 tanti,
1151 930 1196 965 ut
1233 929 1453 977 corrigatur
1490 929 1540 966 ad

215 988 436 1036 exemplum
466 987 563 1024 illud
589 988 748 1025 Metam.
774 987 831 1024 VI
852 988 934 1025 556
967 988 1137 1034 linquam
1163 987 1317 1024 abstulit
1341 998 1425 1024 ense
1449 988 1540 1034 fero,

212 1046 454 1095 transposita
483 1046 524 1082 in
547 1046 651 1083 locos
676 1045 911 1094 posteriores
937 1057 1004 1082 cur
1030 1045 1118 1092 sint,
1143 1044 1296 1081 facilius
1320 1044 1539 1092 intellegas,

213 1116 332 1152 quam
362 1104 553 1152 quomodo
585 1103 673 1140 inde
699 1104 740 1140 in
764 1103 938 1151 priorem
963 1102 1269 1151 commigrar'mt.
1342 1102 1540 1139 diorthota

213 1162 289 1199 duo
321 1164 426 1200 certe
457 1161 624 1199 disticha
655 1161 788 1209 spuria
819 1160 1005 1209 repperit,
1036 1161 1204 1198 alterum
1234 1160 1306 1197 hoc
1333 1161 1414 1198 337
1444 1161 1540 1207 338,

213 1220 384 1257 alterum
421 1219 518 1256 illud
553 1221 632 1257 637
669 1220 769 1265 638,
807 1218 853 1255 de
891 1230 966 1266 quo
1000 1217 1237 1255 Schraderus
1271 1214 1424 1253 ‘melius
1462 1217 1540 1254 for-

214 1280 320 1315 tasse
348 1277 484 1315 aberit.
517 1276 629 1325 quasi
653 1276 725 1313 hoc
752 1275 945 1314 crudelius
972 1275 1150 1312 omnibus
1178 1274 1425 1323 supplicium!
1463 1286 1542 1312 non

214 1336 268 1374 sie
305 1335 521 1383 ineptiebat
559 1329 747 1372 Ovidius'.
820 1335 1033 1382 potuerunt
1069 1333 1110 1370 in
1147 1333 1322 1381 margine
1352 1332 1542 1380 perscribi

214 1394 471 1431 exadversum
502 1393 582 1440 illa,
621 1392 741 1439 thue
772 1391 868 1440 rell,
899 1390 981 1428 Aut
1009 1394 1052 1429 ut
1075 1391 1158 1428 rell.
1207 1390 1253 1428 de
1286 1403 1331 1428 ea
1363 1390 1540 1439 congerie

215 1452 320 1489 omni
351 1451 554 1489 arbitrium
590 1450 711 1487 semel
742 1450 905 1487 factum:
939 1451 1021 1487 337
1049 1450 1131 1487 338
1160 1448 1289 1486 omitti
1319 1461 1396 1485 non
1426 1460 1540 1496 posse

217 1510 354 1558 visum,
395 1511 475 1547 637
513 1509 593 1546 638
627 1508 667 1545 in
699 1520 788 1545 eum
824 1508 952 1545 locum
985 1507 1223 1556 ablegatum,
1260 1506 1322 1543 cui
1352 1506 1437 1554 ipsa
1467 1506 1543 1542 De-

214 1571 327 1615 mque
356 1568 495 1605 vocula
525 1566 733 1604 videbatur
765 1565 978 1616 adsignari:
1012 1565 1088 1602 duo
1120 1565 1189 1601 illa
1220 1564 1343 1601 didita
1381 1566 1471 1601 sunt
1502 1563 1542 1600 in

214 1626 396 1675 paginas,
437 1637 535 1673 quae
576 1627 665 1673 post
697 1625 896 1673 suppletas
928 1623 1007 1661 iam
1039 1618 1133 1674 (17)
1168 1618 1262 1674 (18)
1296 1617 1391 1673 (19)
1424 1621 1540 1658 detri-

215 1684 338 1722 menti
369 1684 480 1733 signa
512 1684 731 1720 servabant.

332 1742 379 1779 Id
403 1742 479 1778 nisi
504 1741 652 1778 factum
678 1743 793 1789 esset,
819 1741 860 1779 in
884 1740 1049 1778 decursu
1067 1751 1252 1778 versuum
1273 1739 1354 1776 419
1383 1737 1432 1774 ad
1459 1738 1539 1775 509

215 1801 450 1849 paginarum
487 1799 710 1836 discrimina
745 1799 823 1836 tria
860 1798 1078 1847 quaesituri
1118 1809 1289 1844 eramus,
1330 1808 1399 1833 nec
1437 1797 1544 1833 certa

216 1859 290 1896 fide
333 1857 541 1896 inventuri.
614 1869 780 1905 namque
819 1857 1050 1905 etiamnum,
1091 1855 1324 1904 paginarum
1367 1849 1460 1904 (22)
1504 1854 1544 1889 et

217 1912 312 1968 (23)
353 1916 455 1965 quod
497 1915 634 1963 fuerit,
681 1916 924 1964 ignoramus,
973 1914 1075 1963 quod
1116 1913 1246 1962 posui,
1290 1912 1393 1960 quod
1436 1910 1544 1948 disti-

214 1976 317 2012 chon
343 1974 499 2016 seclusi,
532 1973 906 2011 commendationem
931 1985 1009 2010 non
1032 1972 1162 2009 habet.
1235 1983 1313 2008 non
1337 1969 1482 2018 ubique
1504 1968 1545 2005 in

216 2035 402 2082 promptu
435 2034 495 2069 est
526 2031 572 2068 de
605 2032 658 2068 eis
690 2031 872 2079 iudicare,
905 2043 1003 2080 quae
1034 2031 1191 2078 praeter
1222 2040 1445 2065 mensuram
1475 2038 1543 2074 pa-

215 2092 399 2140 ginarum
442 2089 645 2138 archetypi
693 2089 916 2126 institutam
968 2089 1118 2126 adiecta
1161 2089 1262 2125 sunt.
1331 2087 1545 2134 potuerunt

217 2162 275 2192 ea,
309 2149 342 2186 si
371 2149 452 2185 fors
484 2148 618 2195 ferret,
651 2159 698 2184 ex
727 2147 970 2196 marginibus
1003 2145 1209 2194 archetypi
1232 2144 1355 2193 ipsius
1382 2142 1545 2191 sublegi,

216 2219 342 2255 neque
374 2207 543 2243 multum
574 2205 728 2242 differre
761 2205 808 2242 ab
842 2205 908 2253 eis,
949 2216 1047 2253 quae
1079 2203 1121 2240 in
1150 2203 1218 2240 illo
1250 2201 1476 2240 iamdudum
1506 2199 1547 2236 in

213 2265 395 2302 ordinem
442 2266 599 2313 recepta
651 2263 783 2312 spuria
836 2263 981 2300 insunt.
1056 2273 1126 2299 nec
1175 2260 1216 2298 in
1269 2260 1341 2297 hoc
1389 2258 1545 2308 quidem
