1575 2489
520 78 580 110 IV.
606 85 649 111 VI
671 80 800 112 1—vn
821 80 874 111 18.
1309 77 1363 119 73

151 184 370 232 Quamlibet
401 185 540 234 exiguo
573 185 736 223 solvitur
767 185 891 224 imbre
924 191 1035 225 vetus
1056 217 1064 225 .

150 243 227 282 Nos
253 255 407 294 quoque
426 273 437 294 ,
470 254 568 293 quae
594 243 756 282 ferimus
775 274 786 295 ,
818 243 977 282 tulimus
1009 245 1219 295 patientius
1252 249 1339 282 ante

151 301 272 347 Quam
306 300 402 339 mala
434 306 526 339 sunt
556 301 669 352 longa
701 301 956 353 multiplicata
988 302 1073 342 die.

153 359 305 398 Credite
324 389 335 410 ,
368 359 533 410 defici03
565 364 779 410 nostroque
812 371 832 398 a
865 372 1028 411 corpore
1062 366 1248 411 quantum

86 425 128 456 40
149 417 357 468 Auguror,
390 417 581 455 accedunt
611 422 787 468 tempora
818 430 937 469 parva
968 418 1100 457 malis.

148 475 244 513 Nam
276 487 403 525 neque
436 481 527 513 sunt
559 476 689 527 vires,
727 487 798 514 nec
838 478 904 527 qui
936 476 1043 515 color
1074 488 1160 515 esse
1193 476 1363 516 solebat:

149 532 218 571 Vix
249 532 372 571 habeo
404 538 592 585 tenuem,
625 545 724 584 quae
757 538 861 585 tegat
892 546 1006 586 ossa,
1039 540 1191 573 cutem.

148 590 319 641 Corpore
352 591 419 629 sed
447 603 555 629 mens
589 597 649 629 est
682 603 797 642 aegro
831 594 951 642 magis
984 604 1121 643 aegra,
1152 592 1318 643 malique

148 648 191 686 In
223 651 510 700 circumspectu
544 655 618 687 stat
650 651 732 688 sine
766 650 840 688 fine
873 652 958 688 sui.

86 714 128 745 45
150 706 265 745 Urbis
298 707 408 745 abest
439 708 556 746 facies
575 738 586 759 ,
618 707 788 759 absunt,
819 720 903 746 mea
935 720 1028 746 cura
1047 739 1057 758 ,
1090 707 1263 761 sodales,

148 764 227 816 Et,
259 776 333 815 qua
366 765 470 804 nulla
502 765 596 803 mihi
629 767 756 804 carior
775 796 786 816 ,
818 777 917 804 uxor
949 765 1082 804 abest.

149 822 293 874 Vulgus
326 823 434 862 adest
466 823 690 874 Scythicum
728 822 961 874 bracataque
1001 823 1116 862 turba
1155 824 1362 864 Getarum:

150 880 213 918 Sic
245 893 306 919 me
325 912 336 933 ,
369 893 467 931 quae
499 882 609 920 video
641 893 719 919 non
750 881 940 932 videoque
959 913 969 933 ,
1002 887 1179 920 movent.

149 938 230 976 Una
262 945 390 977 tamen
424 952 512 990 spes
547 945 634 991 est,
667 951 764 990 quae
798 952 858 978 me
891 939 1039 978 soletur
1071 941 1111 978 in
1142 942 1250 993 istis,

86 1004 129 1036 50
149 996 251 1036 Haec
284 998 366 1036 fore
399 1003 523 1035 morte
555 1009 640 1036 mea
671 1009 750 1036 non
782 997 965 1036 diuturna
997 998 1104 1037 mala.

643 1124 745 1172 VII.

150 1229 214 1267 Bis
245 1240 306 1267 me
340 1229 395 1267 sol
427 1229 519 1267 adiit
550 1229 698 1280 gelidae
730 1236 819 1281 post
850 1231 993 1281 frigora
1026 1231 1209 1283 brumae,

150 1287 292 1337 Bisque
325 1299 438 1326 suum
472 1293 573 1326 tacto
605 1287 716 1326 Pisce
748 1291 900 1340 peregit
931 1291 1028 1328 iter.

151 1346 341 1396 Tempore
374 1351 451 1384 tam
483 1346 597 1396 longo
630 1359 701 1385 cur
732 1359 809 1385 non
842 1354 906 1386 tua
939 1348 1097 1387 dextera
1129 1360 1266 1387 versus

152 1403 371 1449 Quamlibet
401 1406 439 1442 in
471 1416 616 1455 paucos
648 1405 819 1444 officiosa
852 1406 925 1444 fuit
945 1404 965 1444 ?

111 1469 130 1499 5
152 1462 229 1500 Cur
263 1467 327 1500 tua
359 1464 523 1501 cessavit
555 1464 678 1513 pietas
697 1494 708 1514 ,
741 1463 1003 1502 scribentibus
1035 1464 1134 1516 illis,

150 1517 323 1570 Exiguus
355 1520 467 1558 nobis
499 1533 588 1559 cum
621 1521 763 1571 quibus
796 1534 892 1560 usus
924 1520 1041 1561 erat?

151 1578 228 1617 Cur
247 1609 258 1630 ,
290 1581 469 1628 quotiens
502 1579 615 1617 alicui
647 1579 803 1618 chartae
837 1592 905 1618 sua
937 1581 1089 1620 vincula
1121 1581 1294 1634 dempsi,

150 1636 255 1674 [llam
287 1639 438 1687 speravi
470 1649 611 1675 nomen
643 1637 785 1676 habere
819 1636 965 1677 tuum?

151 1694 196 1733 Di
228 1695 397 1747 saciant,
429 1701 472 1734 ut
505 1708 618 1746 saepe
651 1701 716 1735 tua
748 1698 798 1735 sit
831 1697 996 1748 epistula
1028 1698 1163 1737 dextra

90 1761 131 1791 10
153 1752 334 1805 Scripta,
366 1754 433 1792 sed
466 1766 485 1792 e
519 1754 649 1792 multis
682 1754 831 1793 reddita
864 1754 967 1794 nulla
999 1755 1116 1795 mihi!

151 1811 260 1856 Quod
288 1824 449 1862 precor,
477 1824 562 1850 esse
588 1812 731 1863 liquet.
771 1813 926 1852 credam
951 1816 1060 1865 prius
1087 1827 1153 1853 ora
1179 1815 1363 1854 Medusae

151 1869 341 1920 Gorgonis
374 1871 574 1921 anguineis
607 1873 732 1910 cincta
765 1872 884 1910 fuisse
917 1875 1061 1924 comis,

151 1927 246 1966 Esse
279 1940 394 1966 canes
427 1935 538 1966 utero
572 1929 642 1968 suh
675 1931 863 1983 virginis,
896 1943 981 1969 esse
1015 1931 1280 1985 Chimaeram,

151 1986 180 2023 A
213 1992 323 2025 truce
356 1999 453 2037 quae
485 1987 648 2026 flammis
681 1994 835 2040 separet
866 2001 990 2040 angue
1022 1989 1144 2041 leam,

92 2052 130 2082 15
152 2043 508 2096 Quadrupedesque
541 2045 709 2085 hominis
741 2059 829 2085 cum
861 2053 1020 2098 pectore
1053 2053 1211 2098 pectora

802 2107 978 2154 iunctos,

152 2160 505 2212 Tergeminumque
538 2164 664 2202 virum
697 2166 1035 2214 tergeminumque
1067 2176 1225 2216 canem,

152 2218 399 2269 Sphingaque
431 2226 470 2258 et
500 2220 688 2272 Harpyias
721 2222 1094 2273 serpentipedesque
1127 2222 1332 2275 Gigantes,

151 2276 496 2329 Centimanumque
530 2279 634 2330 Gyan
669 2280 982 2331 semibovemque
1014 2282 1162 2320 virum.
