1575 2489
220 110 304 151 160
759 109 1004 142 Ex.P0NTo

272 227 314 258 70
394 218 521 268 thue
553 229 658 256 meas
691 217 837 268 aquilas
856 248 868 269 ‚
899 229 965 256 vos
996 229 1081 256 mea
1113 219 1221 268 signa
1254 229 1418 268 sequar.

334 277 411 314 Aut
443 287 514 325 ego
546 287 606 314 me
639 275 727 313 sallo
747 307 758 327 ,
789 276 984 326 nimiaque
1016 275 1198 327 cupidine
1231 275 1368 328 ludor,

393 335 471 372 Aut
503 345 592 384 spes
624 333 729 372 exilii
761 334 1034 372 commodioris
1065 334 1197 372 adest.

335 391 431 430 Nam
463 393 593 430 minus
625 396 664 430 et
695 393 824 430 minus
856 398 916 430 est
946 392 1064 430 facies
1096 393 1137 430 in
1168 393 1335 442 imagine
1366 393 1519 443 tristis,

394 449 561 500 Visaque
593 455 686 488 sunt
717 449 831 488 dictis
863 449 1034 488 adnuere
1067 462 1133 488 ora
1166 451 1285 488 meis.

274 516 315 547 75
336 507 435 546 Vera
467 520 607 558 precor
639 508 733 546 fiant
763 508 919 546 timidae
950 510 1150 559 praesagia
1182 509 1345 547 mentis:

394 566 577 617 Iustaque
611 567 786 617 quamvis
819 572 901 617 est,
934 568 984 604 sit
1015 568 1141 605 minor
1172 567 1228 604 ira
1262 566 1350 604 dei.

810 693 960 740 XVIIII.

336 799 456 849 Regia
487 800 694 850 progenies
713 829 724 851 ‚
757 800 820 838 cui
852 798 1064 837 nobilitatis
1097 800 1204 849 origo

397 857 547 896 Nomen
579 859 618 895 in
650 856 829 908 Eumolpi
862 858 1039 907 pervenit
1072 869 1225 908 usque,
1258 855 1375 907 Coty!

338 915 452 954 Fama
484 916 624 965 loquax
656 921 804 954 vestras
837 916 870 953 si
901 917 975 953 iam
1007 917 1185 965 pervenit
1217 914 1263 953 ad
1296 927 1434 967 aures,

398 973 458 1012 Me
492 974 562 1012 tibi
593 975 746 1012 finitimi
778 979 886 1024 parte
918 975 1045 1012 iacere
1079 973 1174 1012 soli:

298 1041 318 1071 5
340 1031 534 1082 Supplieis
568 1032 735 1083 exaudi,
766 1033 950 1070 iuvenum
982 1032 1216 1083 mitissime,
1248 1043 1407 1082 vocem,

399 1090 600 1140 Quamque
638 1096 778 1141 potes,
816 1090 981 1141 profugo
1008 1111 1051 1116 —
1084 1101 1172 1127 nam
1203 1095 1314 1140 potes
1340 1111 1385 1116 —
1417 1088 1525 1127 adfer

1065 1159 1200 1198 opem.

338 1206 396 1245 Me
425 1206 580 1244 fortuna
606 1205 730 1244 tibi—
758 1206 805 1244 de
833 1217 907 1256 qua
928 1205 1032 1256 quod
1052 1217 1130 1244 non
1157 1217 1320 1256 querar,
1339 1205 1413 1244 hoc
1440 1211 1553 1244 est—

399 1264 604 1314 Tradidit,
636 1264 708 1302 hoc
740 1276 817 1302 uno
851 1276 929 1302 non
961 1265 1118 1302 inimica
1148 1264 1265 1302 mihi.

340 1322 485 1373 Excipe
517 1323 762 1373 naufragium
795 1334 873 1361 non
905 1323 1002 1361 duro
1034 1322 1148 1361 litore
1182 1328 1385 1374 nostrum,
1498 1330 1554 1362 (65)

279 1390 320 1420 10
399 1381 455 1419 Ne
488 1382 607 1419 suerit
637 1387 741 1420 terra
774 1382 896 1419 tutior
927 1381 1030 1420 unda
1065 1387 1150 1419 tua.

339 1439 480 1490 Regia,
513 1439 629 1478 crede
662 1439 779 1490 mihi,
811 1451 875 1477 res
908 1445 968 1477 est
999 1451 1233 1478 succurrere
1266 1439 1406 1490 lapsiS,

401 1497 587 1536 Convenit
621 1504 659 1536 et
691 1504 821 1547 ianm,
854 1503 1021 1548 quantus
1054 1509 1095 1535 es
1128 1499 1210 1547 ipse
1231 1529 1241 1547 ‚
1273 1499 1378 1535 viro.

342 1556 553 1594 Fortunam
585 1555 698 1594 decet
728 1555 801 1593 hoc
833 1556 976 1594 istam.
1033 1567 1131 1606 quae
1164 1557 1327 1594 maxima
1361 1566 1450 1594 cum
1482 1556 1555 1607 sit,

400 1613 496 1652 Esse
528 1619 659 1665 potest
690 1615 816 1652 animo
849 1615 911 1651 vix
944 1619 1072 1652 tamen
1105 1626 1227 1664 aequa
1259 1620 1350 1652 tuo.

281 1681 321 1711 15
343 1672 593 1723 Conspicitur
625 1683 836 1723 numquam
868 1671 1028 1710 meliore
1060 1674 1234 1723 potentia
1266 1684 1404 1724 causa,

401 1730 524 1776 Quam
557 1732 739 1781 quotiens
771 1742 886 1768 vanas
918 1742 994 1769 non
1029 1732 1120 1769 sinit
1151 1742 1237 1769 esse
1270 1742 1430 1781 preces,

344 1788 425 1828 Hoc
458 1790 560 1827 nitor
593 1790 667 1828 iste
699 1790 756 1827 tui
787 1790 942 1839 generis
974 1789 1191 1828 desiderat.
1246 1789 1320 1827 hoc
1353 1795 1411 1827 est

400 1848 430 1885 A
463 1848 616 1898 superis
650 1852 756 1885 ortae
789 1846 1001 1886 nobilitatis
1028 1859 1151 1898 opus.

344 1905 425 1944 Hoc
457 1905 527 1944 tibi
559 1912 598 1944 et
629 1904 843 1956 Eumolpus
862 1937 873 1958 ‚
911 1907 1065 1956 generis
1098 1906 1337 1945 clarissimus
1369 1911 1526 1958 auctor,

280 1973 322 2003 20
402 1963 451 2002 Et
482 1965 590 2014 prior
622 1963 812 2015 Eumolpo
847 1964 983 2002 suadet
1014 1964 1316 2003 Erichthonius.

342 2022 424 2061 Hoc
457 2028 586 2061 tecum
620 2034 825 2060 commune
858 2023 929 2061 deo
949 2054 960 2074 ,
993 2023 1094 2073 quod
1129 2028 1295 2073 uterque
1327 2025 1451 2074 rogati

402 2080 652 2131 Supplicibus
685 2082 826 2119 vestris
858 2081 963 2119 ferre
997 2081 1130 2119 soletis
1163 2094 1299 2132 opem.

342 2139 540 2190 Numquid
572 2141 675 2191 erit,
709 2151 827 2190 quare
861 2139 973 2178 solito
1007 2139 1212 2190 dignemur
1243 2140 1391 2179 honore

400 2197 596 2249 Numina,
628 2199 660 2236 si
693 2197 823 2236 demas
858 2197 952 2236 velle
985 2199 1118 2236 iuvare
1152 2196 1277 2237 deos?

281 2263 322 2293 25
344 2255 519 2306 Iuppiter
551 2257 678 2295 oranti
710 2256 848 2295 surdas
880 2257 912 2294 si
945 2256 1128 2307 praebeat
1159 2258 1288 2308 auris,

404 2313 565 2352 Victima
596 2327 665 2365 pro
700 2314 841 2366 templo
874 2326 944 2353 cur
978 2314 1088 2353 cadat
1120 2317 1194 2354 icta
1228 2312 1364 2354 lovis?

1566 2180 1575 2489 ’,ιμ’-’Ἢ
