1575 2489
166 52 250 94 338
704 57 958 90 FAsToRUM

197 170 262 202 195
284 162 386 201 Haec
411 162 612 201 hominum
639 165 874 203 monimenta
893 170 1053 215 patent.
1097 167 1129 205 si
1155 168 1343 218 quaeritis
1370 173 1494 220 astra,

337 221 452 271 'Tunc
484 222 610 259 oritur
643 223 770 272 magni
800 234 964 273 praepes
997 222 1145 262 adunca
1176 224 1301 263 Iovis.

726 311 764 352 2.
798 311 925 363 [AF]

282 393 442 431 Postera
473 393 538 432 lux
571 392 750 445 Hyadas,
783 393 974 434 Taurinae
1009 407 1154 435 cornua
1188 398 1352 449 frontis,

340 450 512 503 Evocat,
545 457 584 490 et
615 451 735 490 multa
767 458 872 491 terra
905 453 1090 493 madescit
1123 467 1246 506 aqua.

755 542 793 583 3,
825 541 903 584 BC

282 625 391 663 Mane
425 624 490 664 ubi
521 624 580 664 bis
613 625 731 664 fuerit
749 656 759 676 ,
792 625 1051 677 Phoebusque
1082 629 1281 667 iteraverit
1313 634 1423 667 ortus

194 692 260 723 200
340 683 533 734 Factaque
567 684 640 722 erit
672 685 797 733 posito
830 696 918 722 rore
952 684 1010 723 bis
1043 685 1118 724 uda
1151 697 1287 737 seges,

282 740 360 780 Hac
393 747 541 780 sacrata
573 741 633 779 die
667 741 793 780 Tusco
825 741 983 780 Bellona
1014 742 1141 781 duello

340 799 518 851 Dicitur,
551 805 589 838 et
620 798 728 838 Latio
761 811 948 850 prospera
981 813 1134 852 semper
1167 801 1298 840 adest.

282 858 429 909 Appius
461 862 521 896 est
552 863 687 896 auctor
706 889 716 909 ‚
749 857 896 908 Pyrrho
930 860 996 909 qui
1028 871 1121 910 pace
1154 865 1290 910 negata

340 915 504 954 Multum
537 917 663 954 animo
698 915 818 966 vidit,
851 915 997 955 lumine
1030 923 1165 968 captus
1199 923 1302 956 erat.

195 982 261 1013 205
282 973 475 1024 Prospicit
507 985 527 1011 a
558 973 702 1023 templo
735 985 930 1012 summum
962 974 1090 1013 brevis
1123 987 1211 1013 area
1243 974 1425 1025 Circum,

340 1031 410 1069 Est
440 1030 494 1069 ibi
526 1043 604 1069 non
636 1043 775 1082 parvae
807 1043 923 1081 parva
956 1033 1134 1070 columna
1165 1037 1302 1071 notae:

283 1089 380 1127 Hinc
414 1088 512 1127 solet
545 1088 652 1127 hasta
685 1101 829 1140 manu,
863 1089 953 1126 belli
985 1091 1243 1140 praenuntia,
1277 1091 1404 1141 mitti,

340 1147 383 1185 In
415 1158 548 1197 regem
581 1152 618 1185 et
650 1153 785 1197 gentes
818 1158 907 1185 cum
939 1146 1064 1198 placet
1095 1159 1200 1186 arma
1232 1149 1341 1198 capi.

758 1238 797 1278 4.
830 1236 902 1279 CO

282 1322 410 1360 Altera
442 1333 531 1372 pars
565 1321 667 1360 Circi
699 1320 868 1360 Custode
901 1320 972 1359 sub
1005 1320 1172 1359 Hercule
1206 1326 1289 1360 tuta
1322 1326 1407 1359 est:

194 1388 261 1419 210
341 1379 452 1425 Quod
485 1379 580 1418 deus
612 1378 785 1418 Euboico
819 1380 987 1417 carmine
1023 1391 1162 1417 munus
1195 1379 1332 1417 habet.

282 1438 453 1476 Muneris
487 1444 545 1476 est
577 1443 759 1489 tempus,
793 1439 859 1488 qui
891 1437 1018 1475 Nonas
1051 1437 1190 1476 lucifer
1222 1443 1309 1476 ante
1343 1442 1428 1475 est:

341 1496 382 1534 Si
413 1495 567 1535 titulum
602 1497 763 1547 queris,
797 1494 902 1533 Sulla
934 1495 1110 1546 probavit
1141 1507 1239 1546 opus
1258 1524 1266 1533 .

696 1584 734 1627 5.
766 1584 803 1625 D
831 1584 964 1626 NON

283 1669 552 1721 Quaerebam,
584 1668 712 1707 Nonas
746 1668 869 1707 Sanco
889 1700 899 1720 ‚
931 1668 1091 1707 Fidione
1124 1668 1336 1718 referrem,

341 1728 399 1766 An
431 1727 529 1779 tibi,
564 1727 676 1766 Semo
710 1734 848 1777 pater.
906 1731 987 1764 tum
1022 1725 1114 1764 mihi
1147 1725 1294 1764 Sancus
1327 1727 1400 1763 ait:

197 1795 261 1826 215
283 1783 546 1837 ‘Cuicumque
579 1798 626 1824 ex
658 1787 742 1823 istis
775 1784 958 1836 dederis,
991 1796 1061 1834 ego
1094 1796 1237 1823 munus
1269 1783 1446 1822 habebo.

342 1844 505 1882 Nomina
537 1850 647 1883 terna
680 1843 791 1882 fero.
848 1844 903 1881 sic
936 1841 1092 1880 voluere
1124 1838 1292 1881 Cures?

284 1902 396 1941 Hunc
429 1904 547 1953 igitur
578 1907 730 1940 veteres
762 1900 957 1939 donarunt
988 1901 1081 1939 aede
1115 1899 1272 1951 Sabini,

342 1960 462 2012 Inque
497 1959 687 2006 Quirinali
721 1961 961 1998 constituere
994 1960 1107 2009 iugo.

756 2050 793 2092 6.
823 2049 909 2091 EN

287 2134 357 2174 Est
396 2134 489 2174 mihi
520 2157 566 2163 —
597 2135 725 2186 sitque
743 2164 755 2186 ,
794 2145 963 2185 precor,
1001 2133 1146 2170 nostris
1186 2130 1408 2170 diuturnior

1012 2202 1122 2228 annis
1155 2211 1198 2217 —-

199 2259 266 2291 220
346 2251 469 2303 Filia,
503 2264 578 2303 qua
611 2251 701 2290 felix
734 2251 878 2303 sospite
912 2260 1066 2302 semper
1100 2260 1191 2287 ero.
