1601 2484
1279 81 1379 116 XVII

46 193 192 236 libello,
211 193 252 229 in
270 194 383 230 tanta
402 192 759 229 additamentorum
773 191 979 240 brevitate,
999 191 1226 241 dignoscere
1241 191 1378 238 ausim,

46 263 146 300 quae
182 250 224 288 in
260 250 409 288 codices
446 252 601 287 nostros
639 252 720 287 tres
759 250 903 287 saeculi
938 262 996 287 XII
1034 251 1255 287 commenta
1294 261 1378 287 sae-

47 310 124 347 culi
154 317 185 346 X
217 311 285 346 aut
309 317 357 346 XI
388 307 526 345 inferri
558 310 597 345 et
629 307 785 346 scholiis
818 307 969 345 adstrui
1000 308 1211 357 potuerint.
1288 309 1379 345 sunt

45 367 86 404 in
116 380 152 416 p.
188 368 239 404 23
273 366 452 415 vulgaria
482 366 607 415 plura.

162 425 273 462 Duae
304 426 457 462 restant
487 424 652 473 paginae
684 424 899 473 proximae,
938 419 1032 476 (24)
1065 427 1105 462 et
1136 419 1251 476 (25),
1284 436 1376 473 qua-

46 496 132 520 rum
167 495 318 520 summa
347 495 533 520 versuum
564 482 739 520 distichis
760 482 911 520 duobus
930 482 1152 531 legitimum
1171 495 1378 519 numerum

45 540 204 579 excedit.
277 540 318 577 in
354 540 476 589 priori
513 540 617 589 quod
656 541 915 589 suspicionem
956 551 1077 588 supra
1107 540 1266 577 modum
1297 553 1377 578 mo-

43 601 153 647 veat,
185 598 285 635 nihil
315 598 445 647 video,
482 598 558 636 nisi
589 612 624 636 v.
657 600 738 636 517
773 597 1030 647 Peregrinum
1062 598 1251 636 Proteum
1282 597 1377 635 deli—

46 657 184 694 tiscere
234 656 454 705 credamus,
512 656 614 705 quod
664 657 909 705 exploratum
957 668 1035 694 non
1085 658 1154 694 est.
1222 656 1312 694 inde
1356 668 1379 694 a

46 728 102 752 vv.
145 716 226 753 533
267 717 307 752 et
346 716 426 753 551
467 715 638 752 ubertim
675 715 833 762 adsunt,
872 726 970 763 quae
1008 714 1135 763 quivis
1173 714 1378 752 mediocris

45 772 284 810 versificator
321 773 589 811 consarcinare
629 772 769 821 potuit.
837 772 960 821 selegi
997 772 1090 820 duo,
1127 785 1227 821 quae
1264 785 1378 822 pecu-

43 831 183 868 liarem
220 831 438 868 labeculam
477 830 714 879 praeferunt.
788 830 982 868 distichon
1015 832 1096 869 539
1131 833 1217 870 540
1247 831 1289 868 in
1319 843 1379 869 00-

44 889 195 926 dicibus
240 888 419 926 omnibus
462 890 707 937 corruptum,
751 888 907 926 scholiis
951 889 1162 927 distortum
1200 889 1377 927 eruditae

42 946 222 984 lectionis
254 947 542 995 aliquantulum
573 946 721 995 prodit,
753 947 914 984 indiculi
944 947 1121 985 historici
1153 949 1193 986 et
1223 948 1376 985 fabula-

42 1018 148 1053 rum,
187 1005 312 1053 qualis
344 1005 657 1054 mythographus
689 1005 905 1042 Vaticanus
936 1005 1104 1054 primus,
1135 1006 1203 1054 qui
1233 1006 1377 1044 montis

43 1061 169 1112 Cyrae
202 1066 241 1100 et
272 1063 381 1100 Batti
412 1063 657 1111 migrationis
689 1063 928 1101 mentionem
959 1064 1107 1102 habuit.
1182 1065 1379 1113 scriptura
1411 1097 1417 1101 .

43 1121 219 1158 codicum
239 1121 431 1158 bonorum
451 1124 512 1159 est
533 1121 713 1160 Conditor
730 1125 773 1160 ut
791 1122 943 1171 tardus3
971 1122 1018 1159 de
1038 1134 1217 1160 errorum
1237 1123 1376 1160 eximio

42 1191 205 1217 numero
238 1179 338 1216 ratio
371 1179 572 1217 hominem
596 1180 749 1217 fefellit.
786 1201 834 1206 —
869 1193 932 1218 vv.
958 1181 1041 1219 543
1070 1182 1154 1219 544
1182 1193 1257 1229 quo
1277 1183 1375 1219 tem-

42 1249 136 1285 pore
180 1237 432 1285 interpositos
473 1238 616 1286 dicam,
659 1250 738 1275 non
779 1238 917 1276 habeo.
991 1238 1065 1276 soli
1108 1241 1242 1276 tamen
1286 1242 1377 1277 sunt

42 1296 80 1332 in
112 1295 173 1333 his
199 1304 294 1333 XXV
325 1296 530 1344 archetypi
559 1295 723 1345 paginis,
756 1296 895 1344 quibus
927 1296 1063 1334 fabula
1093 1297 1172 1334 iam
1204 1297 1377 1335 delibata

41 1353 218 1391 iteratur.
293 1353 487 1390 distichon
525 1355 605 1392 291
648 1355 730 1392 292
769 1366 792 1391 a
829 1354 1007 1392 Bentleio
1051 1355 1275 1394 confossum
1313 1356 1377 1394 vix

41 1412 170 1459 ipsum
213 1411 441 1460 genuinum,
494 1411 563 1448 sed
606 1412 655 1449 ab
700 1413 913 1460 archetypo
959 1413 1104 1451 afuisse
1147 1426 1226 1451 non
1268 1417 1375 1462 puto.

41 1470 200 1507 nomina
220 1472 260 1506 et
280 1481 467 1517 personas
487 1469 722 1518 aliquotiens
742 1473 904 1518 propter
921 1471 1032 1508 varia
1052 1483 1151 1520 quae
1171 1472 1377 1510 subierunt

45 1530 113 1565 aut
145 1530 424 1576 perpetrarunt
455 1528 645 1576 supplicia
677 1530 746 1566 aut
777 1528 967 1577 facinora,
998 1529 1144 1579 induci,
1175 1531 1284 1568 velut
1316 1533 1376 1568 est

42 1586 84 1623 in
103 1586 283 1634 Lycaone
312 1587 394 1624 327
416 1587 513 1629 431,
539 1589 608 1624 aut
635 1586 762 1624 obiter
786 1588 1094 1637 commemorari,
1120 1591 1165 1626 ut
1185 1588 1376 1627 Limonen

43 1646 139 1691 335,
170 1644 268 1682 nihil
300 1644 458 1682 mirum:
490 1647 531 1682 at
562 1645 724 1694 reliqua,
756 1657 854 1694 quae
874 1645 1036 1683 Ellisius
1068 1659 1105 1695 p.
1125 1655 1255 1684 XLVII
1281 1648 1375 1685 reci-

42 1703 222 1741 divarum
252 1702 475 1741 fabularum
507 1703 686 1752 exempla
710 1704 931 1752 proposuit,
963 1717 1146 1743 numeros
1178 1717 1375 1755 versuum,

43 1761 109 1810 qui
142 1763 233 1799 sunt
264 1763 354 1809 post
386 1763 468 1800 556
500 1774 570 1799 nec
601 1762 641 1799 in
667 1774 824 1800 censum
850 1762 1024 1812 veniunt,
1055 1763 1203 1802 referre
1228 1764 1374 1814 videas,

41 1819 220 1868 inprimis
254 1821 337 1858 563
372 1820 456 1858 564
489 1821 570 1859 565
605 1822 687 1858 566
723 1821 805 1858 577
840 1822 934 1860 578.

158 1877 322 1915 Utilitas
353 1878 394 1915 111
424 1878 484 1916 his
516 1879 746 1917 ratiunculis
772 1879 868 1917 haec
894 1879 1141 1928 potissimum
1167 1883 1239 1929 est,
1272 1881 1375 1930 quod

41 1948 65 1973 a
94 1935 269 1973 locorum
305 1949 384 1974 non
421 1949 635 1986 paucorum
666 1937 938 1975 emendatione
969 1951 1129 1988 prorsus
1163 1942 1223 1977 est
1255 1939 1376 1978 absti-

41 1993 221 2032 nendum.
293 1995 421 2033 nescio
460 2007 510 2033 an
546 1996 789 2045 praestiterit
827 1997 946 2034 etiam
985 1998 1033 2035 ab
1072 1997 1128 2035 eis
1174 1998 1374 2047 abstineri,

40 2053 107 2101 qui
145 2053 310 2091 saeculis
347 2054 543 2102 prioribus
583 2054 725 2092 adiecti
766 2054 960 2093 videntur.
1034 2056 1202 2094 Pacatus
1241 2057 1377 2095 rhetor

41 2111 139 2159 legit
182 2110 375 2150 distichon
414 2114 494 2151 159
545 2114 626 2152 160
667 2115 831 2151 exeunte
876 2115 1032 2152 saeculo
1076 2117 1233 2163 quarto,
1277 2115 1375 2164 legit

40 2169 209 2207 fortasse
242 2169 297 2207 ita
329 2171 595 2219 emendatum,
633 2172 693 2209 uti
729 2172 880 2221 pridem
913 2172 1168 2210 conieceram:
1210 2175 1252 2211 at
1281 2174 1374 2211 insi-

41 2227 176 2265 ticium
220 2230 347 2266 totum
388 2232 499 2280 puto,
544 2230 715 2268 effictum
758 2233 920 2279 propter
956 2231 1177 2270 intellectas
1215 2245 1250 2270 v.
1292 2234 1371 2270 161

40 2298 118 2323 non
149 2286 285 2334 furias,
317 2287 375 2325 uti
400 2288 506 2328 Fast.
533 2289 589 2326 VI
616 2290 712 2337 489,
746 2289 813 2326 sed
845 2289 1053 2327 Furiarum
1084 2290 1284 2328 ultricium
1315 2303 1376 2328 co-

111 2357 217 2384 orm.
236 2358 285 2383 111
1069 2354 1093 2388 b
