1575 2489
603 54 630 87 1.
658 56 829 87 33—104.
1295 51 1380 93 215

226 162 311 201 Otia
344 168 449 201 terra
481 162 616 213 ferax,
649 162 725 200 otia
756 165 899 212 pontus
931 160 1069 200 habet:

166 220 309 259 Dexter
341 220 432 259 ades
463 219 718 271 patribusque
750 221 828 258 tuis
860 219 1082 270 populoque
1115 219 1291 271 Quirini,

103 287 145 318 70
224 278 273 317 Et
305 290 437 316 resera
469 283 567 316 nutu
599 277 760 316 candida
791 277 934 329 templa
966 283 1056 316 tuo.

165 335 358 387 Prospera
389 335 454 374 lux
486 337 611 374 oritur
631 367 639 374 .
694 335 838 386 linguis
870 336 1085 386 animisque
1119 333 1264 374 favete!

224 393 336 432 Nunc
368 393 530 432 dicenda
560 393 661 432 hona
692 400 784 432 sunt
814 394 915 432 hona
947 393 1062 432 verba
1095 393 1178 432 dIe.

165 451 249 490 Lite
280 457 418 490 vacent
450 463 563 490 aures
582 482 593 504 ,
624 453 837 502 insanaque
869 453 1047 503 protinus
1080 451 1207 490 absint

223 510 380 561 Iurgia3
413 510 524 548 differ
556 522 682 561 opus,
714 510 827 549 livida
859 509 1002 561 turba,
1035 516 1168 548 tuum.

102 575 145 607 75
167 567 302 606 Cernis
321 599 332 620 ‚
363 568 534 606 odoratis
566 573 609 606 ut
640 567 767 606 luceat
798 567 954 618 ignibus
987 567 1144 619 aether,

223 625 273 664 Et
305 632 417 665 sonet
448 627 622 665 accensis
655 627 760 677 spica
792 626 928 665 Cilissa
959 623 1091 664 focis?

165 683 336 723 Flamma
367 685 494 723 nitore
528 697 597 723 suo
631 683 865 734 templorum
897 683 1077 722 verberat
1108 694 1270 734 aurum,

223 742 273 780 Et
304 743 514 781 tremulum
547 754 697 781 summa
730 744 876 793 spargit
906 743 946 780 in
979 741 1072 780 aede
1105 741 1239 779 iubar.

167 799 348 839 Vestibus
380 802 535 839 intactis
568 799 751 851 Tarpeias
783 802 862 838 itur
893 801 933 837 in
966 811 1099 850 arces,

101 866 144 897 80
222 858 271 897 Et
303 858 471 909 populus
503 859 602 896 festo
635 857 818 896 concolor
849 858 932 908 ipse
966 870 1037 896 suo
1070 862 1152 896 est.

165 915 322 967 Iamque
350 918 439 955 novi
469 921 660 967 praeeunt
690 916 814 954 fasces
834 947 844 967 ‚
877 927 973 954 nova
1005 927 1179 966 purpura
1211 914 1356 967 fulget,

224 974 272 1013 Et
304 987 402 1013 nova
434 976 689 1024 conspicuum
720 974 893 1025 pondera
925 976 1044 1012 sentit
1076 973 1195 1011 ebur.

165 1031 269 1071 Colla
300 1033 418 1071 rudes
451 1044 614 1083 operum
645 1032 833 1083 praebent
865 1031 1040 1070 ferienda
1071 1033 1248 1082 iuvenci,

224 1090 329 1135 Quos
362 1090 456 1129 aluit
487 1092 633 1141 campis
665 1089 785 1129 herba
817 1090 966 1128 Falisca
998 1091 1101 1129 suis.

101 1157 144 1188 85
164 1148 338 1200 Iuppiter
370 1161 459 1187 arce
491 1161 560 1187 sua
594 1153 718 1187 totum
749 1161 838 1187 cum
870 1153 1021 1199 spectet
1052 1150 1090 1186 in
1124 1147 1282 1198 orbem,

226 1206 287 1245 Nil
319 1208 394 1245 nisi
425 1207 642 1245 Romanum
661 1237 672 1258 ‚
705 1206 808 1257 quod
841 1212 1025 1258 tueatur,
1058 1205 1196 1245 hahet.

168 1265 307 1317 Salve,
340 1265 439 1304 laeta
471 1265 582 1316 dies,
614 1264 829 1316 meliorque
862 1271 1061 1303 revertere
1095 1276 1272 1315 semper,

224 1324 254 1361 A
286 1323 429 1374 populo
462 1335 595 1362 rerum
628 1324 741 1373 digna
773 1328 932 1373 potente
965 1323 1060 1361 coli.

167 1381 289 1426 Quem
323 1387 452 1420 tamen
486 1393 570 1420 esse
603 1381 719 1419 deum
752 1386 789 1419 te
822 1381 976 1432 dicam,
1008 1380 1096 1419 Iane
1129 1377 1341 1419 biformis?

102 1448 145 1478 90
224 1439 320 1478 Nam
352 1439 422 1478 tibi
453 1452 523 1490 par
555 1439 704 1478 nullum
738 1439 897 1478 Graecia
929 1451 1073 1477 numen
1105 1438 1243 1478 habet.

167 1497 248 1536 Ede
282 1497 397 1536 simul
429 1509 613 1549 causam,
647 1509 718 1536 cur
749 1497 797 1535 de
830 1496 1062 1535 caelestibus
1096 1509 1197 1535 unus

226 1555 362 1607 Sitque
395 1555 497 1606 quod
530 1567 550 1594 a
581 1561 721 1607 tergo,
754 1557 881 1606 sitque
915 1555 1017 1606 quod
1050 1560 1138 1593 ante
1158 1587 1168 1606 ‚
1200 1553 1341 1595 vides?

166 1613 269 1653 Haec
301 1626 372 1665 ego
405 1626 494 1653 cum
526 1615 692 1665 sumptis
724 1615 909 1664 agitarem
940 1618 1070 1651 mente
1103 1613 1276 1665 tabellis,

225 1671 408 1711 Lucidior
438 1673 519 1710 visa
552 1678 638 1724 est,
672 1684 787 1723 quam
819 1672 892 1710 fuit
924 1677 1011 1710 ante
1030 1702 1041 1722 ‚
1073 1671 1234 1711 domus.

103 1740 146 1770 95
167 1730 278 1769 Tunc
310 1742 419 1769 sacer
451 1731 612 1781 ancipiti
644 1730 844 1769 mirandus
875 1731 1041 1780 imagine
1073 1729 1188 1768 Ianus

226 1788 321 1827 Bina
352 1800 493 1839 repens
526 1788 649 1827 oculis
681 1788 822 1827 obtulit
853 1800 919 1826 ora
952 1790 1070 1827 meis.

168 1846 340 1885 Extimui
372 1848 555 1898 sensique
587 1852 693 1885 metu
725 1848 892 1897 riguisse
925 1846 1107 1897 capillos,

226 1905 276 1943 Et
307 1905 478 1956 gelidum
510 1904 638 1943 subito
672 1905 815 1955 frigore
847 1910 984 1955 pectus
1018 1910 1123 1943 erat.

167 1963 233 2002 Ille
266 1968 404 2002 tenens
436 1963 618 2002 baculum
651 1963 785 2001 dextra
817 1962 1040 2014 clavemque
1073 1963 1231 2001 sinistra

84 2030 148 2061 100
226 2021 357 2060 Edidit
388 2021 458 2060 hos
489 2021 603 2060 nobis
635 2033 702 2059 ore
733 2022 864 2072 priore
897 2033 1036 2059 sonos:

169 2076 303 2118 ‘Disce
336 2085 443 2118 metu
474 2081 630 2131 posito,
663 2085 768 2118 vates
801 2091 963 2130 operose
997 2078 1171 2131 dierum,

229 2137 339 2183 Quod
372 2139 502 2189 petis⁷
535 2144 574 2176 et
604 2150 719 2176 voces
750 2139 909 2189 percipe
942 2143 1070 2176 mente
1103 2149 1230 2176 meas,

168 2195 228 2234 Me
256 2195 379 2234 Chaos
406 2198 554 2246 antiqui
579 2218 625 2223 -
645 2209 733 2234 nam
760 2208 846 2234 sum
872 2208 936 2234 res
963 2197 1092 2246 prisca
1110 2217 1157 2223 —
1176 2195 1381 2234 vocabant.

227 2254 366 2305 Aspice
385 2285 396 2306 ‚
429 2267 541 2305 quam
575 2254 679 2305 longi
711 2255 897 2304 temporis
931 2260 1014 2293 acta
1046 2266 1206 2294 canam.
