1575 2489
196 92 280 134 180
735 91 800 123 Ex
824 91 982 123 PONTO

247 209 290 240 35
311 200 443 239 Redde
476 201 600 238 vicem
619 229 630 249 ,
662 210 734 237 nec
766 211 853 237 rara
886 200 943 237 tui
975 200 1211 237 monimenta
1243 198 1386 237 laboris

370 259 572 308 Accipiant
604 262 760 295 nostrae
781 289 790 306 ,
822 263 929 307 grata
960 257 1090 295 futura
1110 289 1120 309 ,
1152 269 1309 295 manus.

312 317 380 354 Dic
413 322 542 354 tamen
562 347 572 366 ,
605 327 626 352 o
659 316 810 353 iuvenis
843 315 1062 353 studiorum
1094 315 1207 366 plene
1241 327 1440 366 meorum,

371 373 521 424 Ecquid
555 373 602 411 ab
635 373 695 411 his
727 374 823 424 ipsis
856 373 1086 411 admoneare
1118 374 1217 412 mei.

311 432 493 483 Ecquid,
535 431 602 470 ubi
640 437 706 470 aut
745 432 887 470 recitas
925 432 1069 470 factum
1108 431 1221 469 modo
1260 443 1416 469 carmen

1039 491 1197 541 amicis,

247 557 291 587 40
371 548 477 597 Aut,
510 547 614 599 quod
647 559 762 598 saepe
795 547 896 586 soles
915 578 926 598 ‚
959 549 1080 598 exigis
1112 554 1156 586 ut
1186 549 1376 598 recitent,

315 606 522 657 Quaeror,
559 612 602 645 ut
641 605 838 644 interdum
875 607 939 656 pia
976 618 1116 656 mens,
1152 605 1269 644 oblita
1307 605 1400 656 quid

1040 663 1163 713 absit,
1473 673 1529 704 (96)

370 723 510 761 Nescio
544 722 637 773 quid
670 728 777 765 certe
810 723 928 760 sentit
960 721 1095 760 abesse
1128 720 1225 760 sui‘?

313 781 408 819 Utve
441 781 549 831 loqui
580 780 747 819 multum
779 780 826 818 de
860 792 920 818 me
952 786 1158 831 praesente
1191 779 1366 831 solebas,

371 839 483 878 Nunc
517 851 673 889 quoque
706 839 870 877 Nasonis
903 850 1044 877 nomen
1076 840 1117 876 in
1149 850 1217 877 ore
1248 845 1316 877 tuo
1350 835 1443 877 est?

248 906 292 936 45
315 898 400 949 lpse
434 897 591 948 quidem
624 897 758 935 Getico
791 909 950 948 peream
982 896 1147 935 violatus
1179 896 1225 935 ab
1258 909 1375 948 arcu,
1402 918 1445 923 —

371 955 420 994 Et
453 957 503 994 sit
534 957 685 1006 periuri
718 967 834 1006 quam
865 967 987 1006 prope
1020 967 1167 1006 poena,
1200 955 1307 993 vides
1335 976 1377 982 —

313 1014 367 1052 Te
400 1015 477 1052 nisi
510 1015 717 1052 momentis
750 1014 860 1052 video
894 1025 1015 1064 paene
1049 1013 1229 1052 omnibus
1261 1013 1425 1052 absens.

372 1071 504 1110 Gratia
536 1072 617 1123 dis,
650 1073 771 1109 menti
805 1071 979 1122 quolibet
1010 1073 1066 1109 ire
1099 1072 1211 1110 licet.

312 1130 391 1168 Hac
425 1130 492 1168 ubi
524 1132 714 1180 perveni,
747 1130 843 1167 nulli
875 1130 1125 1180 cernendus,
1156 1131 1197 1167 in
1227 1129 1395 1180 Urbem,

249 1198 292 1227 50
374 1188 497 1238 Saepe
530 1188 668 1238 loquor
701 1194 861 1239 tecum,
893 1199 1007 1238 saepe
1040 1187 1224 1237 loquente
1257 1188 1389 1226 fruor.

314 1247 415 1285 Tum
447 1246 571 1297 mihi,
604 1245 761 1284 difficile
794 1253 883 1297 est,
915 1258 1030 1296 quam
1064 1247 1114 1284 sit
1144 1245 1244 1284 bene
1263 1277 1273 1297 ,
1306 1246 1459 1297 dicere,

1042 1316 1235 1355 quamque

372 1363 543 1402 Candida
575 1362 729 1401 iudiciis
762 1362 823 1400 illa
857 1363 907 1401 sit
938 1362 1033 1400 hora
1064 1364 1185 1401 meis.

313 1422 413 1460 Tum
445 1434 506 1460 me
527 1453 537 1472 ,
570 1423 680 1471 siqua
712 1421 808 1459 fides
827 1452 838 1472 ,
871 1420 1029 1459 caelesti
1061 1421 1151 1459 sede
1185 1427 1387 1472 receptum

373 1480 470 1518 Cum
504 1480 712 1518 fortunatis
746 1481 925 1530 suspicor
957 1491 1043 1517 esse
1076 1479 1182 1517 deis.

248 1547 291 1578 55
313 1538 464 1577 Rursus
497 1537 564 1575 ubi
596 1538 672 1576 huc
705 1537 833 1589 redii,
872 1537 1021 1576 caelum
1054 1549 1296 1588 superosque
1329 1537 1530 1589 relinquo,

371 1598 401 1634 A
435 1596 551 1646 Styge
584 1608 656 1634 nec
690 1595 802 1645 longe
835 1595 995 1633 Pontica
1029 1595 1147 1634 distat
1177 1596 1343 1635 humus.

314 1655 424 1693 Unde
458 1666 528 1704 ego
562 1656 595 1692 si
628 1654 704 1692 sato
737 1655 840 1692 nitor
874 1653 1108 1704 prohibente
1140 1656 1308 1704 reverti,

372 1713 490 1764 Spem
523 1713 606 1751 sine
638 1713 818 1763 profectu
837 1743 848 1763 ,
882 1712 1075 1761 Maxime,
1107 1712 1199 1751 tolle
1231 1713 1349 1753 mihi.

820 1840 899 1887 Vl.

313 1947 415 1985 Naso
450 1959 550 1997 suo,
583 1947 714 1997 posuit
746 1958 888 1984 nomen
922 1947 985 1984 cui
1017 1958 1138 1997 paene
1158 1977 1169 1997 ,
1201 1946 1322 1984 sodali

371 2005 491 2043 Mittit
523 2004 569 2042 ab
602 2004 765 2042 Euxinis
797 2004 870 2042 hoc
902 2003 1019 2042 breve
1053 2017 1209 2043 carmen
1242 2006 1375 2055 aquis.

313 2065 360 2101 At
394 2065 426 2101 si
460 2070 572 2101 cauta
603 2075 740 2113 parum
775 2064 997 2113 scripsisset
1030 2062 1194 2115 dextra,
1226 2065 1313 2113 quis
1346 2075 1476 2115 esses,

376 2121 556 2160 Forsitan
590 2122 717 2159 officio
750 2127 859 2171 parta
894 2120 1063 2171 querella
1098 2122 1220 2161 foret.

275 2189 294 2219 5
317 2180 394 2218 Cur
427 2186 556 2218 tamen
577 2211 587 2230 ‚
620 2179 694 2218 hoc
727 2179 810 2217 aliis
842 2184 971 2217 tutum
1002 2179 1254 2218 credentibus
1273 2212 1284 2232 ,
1316 2193 1442 2233 unus,
1476 2187 1530 2221 (97)

373 2238 579 2289 Appellent
610 2250 658 2276 ne
691 2244 729 2276 te
763 2239 933 2276 carmina
965 2244 1121 2289 nostra,
1154 2237 1302 2289 rogas?

317 2295 467 2340 Quanta
501 2298 551 2335 sit
582 2298 620 2335 in
655 2296 781 2335 media
813 2296 1017 2335 clementia
1051 2296 1226 2336 Caesaris
1259 2299 1339 2349 ira,
