<?xml version="1.0" encoding="UTF-8"?>
<!DOCTYPE html PUBLIC "-//W3C//DTD XHTML 1.0 Transitional//EN"
    "http://www.w3.org/TR/xhtml1/DTD/xhtml1-transitional.dtd">
<html xmlns="http://www.w3.org/1999/xhtml" xml:lang="en" lang="en">
 <head>
  <title>
</title>
<meta http-equiv="Content-Type" content="text/html;charset=utf-8" />
  <meta name='ocr-system' content='tesseract 3.04.00' />
  <meta name='ocr-capabilities' content='ocr_page ocr_carea ocr_par ocr_line ocrx_word'/>
</head>
<body>
  <div class='ocr_page' id='page_1' title='image "./operaovid01oviduoft/operaovid01oviduoft_0398.png"; bbox 0 0 1575 2489; ppageno 0'>
   <div class='ocr_carea' id='block_1_1' title="bbox 178 92 968 134">
    <p class='ocr_par' dir='ltr' id='par_1_1' title="bbox 178 92 968 134">
     <span class='ocr_line' id='line_1_1' title="bbox 178 92 968 134; baseline -0.004 -7"><span class='ocrx_word' id='word_1_1' title='bbox 178 93 264 134; x_wconf 73' lang='grc'>350</span> <span class='ocrx_word' id='word_1_2' title='bbox 716 92 968 125; x_wconf 80' lang='lat' dir='ltr'>FASTORUM</span> 
     </span>
    </p>
   </div>
   <div class='ocr_carea' id='block_1_2' title="bbox 210 198 1500 2338">
    <p class='ocr_par' dir='ltr' id='par_1_2' title="bbox 210 198 1500 2338">
     <span class='ocr_line' id='line_1_2' title="bbox 295 198 1374 249; baseline -0.003 -10"><span class='ocrx_word' id='word_1_3' title='bbox 295 201 386 240; x_wconf 84' lang='lat' dir='ltr'>Post</span> <span class='ocrx_word' id='word_1_4' title='bbox 419 206 546 239; x_wconf 86' lang='lat' dir='ltr'>tamen</span> <span class='ocrx_word' id='word_1_5' title='bbox 578 200 652 238; x_wconf 93' lang='lat' dir='ltr'>hoc</span> <span class='ocrx_word' id='word_1_6' title='bbox 685 212 776 238; x_wconf 89' lang='lat' dir='ltr'>ausa</span> <span class='ocrx_word' id='word_1_7' title='bbox 809 205 868 238; x_wconf 91' lang='lat' dir='ltr'>est</span> <span class='ocrx_word' id='word_1_8' title='bbox 900 198 1109 249; x_wconf 85' lang='lat' dir='ltr'>templum,</span> <span class='ocrx_word' id='word_1_9' title='bbox 1140 201 1374 237; x_wconf 83' lang='lat' dir='ltr'>monimenta</span> 
     </span>
     <span class='ocr_line' id='line_1_3' title="bbox 1015 258 1207 308; baseline 0.005 -14"><span class='ocrx_word' id='word_1_10' title='bbox 1015 258 1207 308; x_wconf 89' lang='lat' dir='ltr'>parentis,</span> 
     </span>
     <span class='ocr_line' id='line_1_4' title="bbox 353 313 1500 366; baseline -0.002 -12"><span class='ocrx_word' id='word_1_11' title='bbox 353 316 556 366; x_wconf 84' lang='lat' dir='ltr'>Tangere.</span> <span class='ocrx_word' id='word_1_12' title='bbox 612 316 709 353; x_wconf 88' lang='lat' dir='ltr'>mira</span> <span class='ocrx_word' id='word_1_13' title='bbox 742 315 925 366; x_wconf 87' lang='lat' dir='ltr'>quidem,</span> <span class='ocrx_word' id='word_1_14' title='bbox 963 314 1032 353; x_wconf 90' lang='lat' dir='ltr'>sed</span> <span class='ocrx_word' id='word_1_15' title='bbox 1063 319 1190 353; x_wconf 85' lang='lat' dir='ltr'>tamen</span> <span class='ocrx_word' id='word_1_16' title='bbox 1229 319 1312 352; x_wconf 91' lang='lat' dir='ltr'>acta</span> <span class='ocrx_word' id='word_1_17' title='bbox 1343 313 1500 363; x_wconf 82' lang='lat' dir='ltr'>loquar.</span> 
     </span>
     <span class='ocr_line' id='line_1_5' title="bbox 298 371 1436 423; baseline -0.002 -12"><span class='ocrx_word' id='word_1_18' title='bbox 298 373 457 423; x_wconf 79' lang='lat' dir='ltr'>Signum</span> <span class='ocrx_word' id='word_1_19' title='bbox 490 378 573 411; x_wconf 83' lang='lat' dir='ltr'>erat</span> <span class='ocrx_word' id='word_1_20' title='bbox 603 374 642 411; x_wconf 92' lang='lat' dir='ltr'>in</span> <span class='ocrx_word' id='word_1_21' title='bbox 676 372 771 411; x_wconf 89' lang='lat' dir='ltr'>solio</span> <span class='ocrx_word' id='word_1_22' title='bbox 803 372 980 411; x_wconf 83' lang='lat' dir='ltr'>residens</span> <span class='ocrx_word' id='word_1_23' title='bbox 1012 372 1083 411; x_wconf 91' lang='lat' dir='ltr'>sub</span> <span class='ocrx_word' id='word_1_24' title='bbox 1116 373 1280 422; x_wconf 82' lang='lat' dir='ltr'>imagine</span> <span class='ocrx_word' id='word_1_25' title='bbox 1312 371 1436 422; x_wconf 80' lang='lat' dir='ltr'>Tulli5</span> 
     </span>
     <span class='ocr_line' id='line_1_6' title="bbox 354 430 1236 481; baseline -0.001 -12"><span class='ocrx_word' id='word_1_26' title='bbox 354 431 503 470; x_wconf 86' lang='lat' dir='ltr'>Dicitur</span> <span class='ocrx_word' id='word_1_27' title='bbox 534 431 607 469; x_wconf 90' lang='lat' dir='ltr'>hoc</span> <span class='ocrx_word' id='word_1_28' title='bbox 639 430 761 469; x_wconf 90' lang='lat' dir='ltr'>oculis</span> <span class='ocrx_word' id='word_1_29' title='bbox 794 432 1022 481; x_wconf 89' lang='lat' dir='ltr'>opposuisse</span> <span class='ocrx_word' id='word_1_30' title='bbox 1055 442 1236 480; x_wconf 89' lang='lat' dir='ltr'>manum,</span> 
     </span>
     <span class='ocr_line' id='line_1_7' title="bbox 210 485 1345 540; baseline -0.003 -12"><span class='ocrx_word' id='word_1_31' title='bbox 210 498 275 529; x_wconf 84' lang='lat'>615</span> <span class='ocrx_word' id='word_1_32' title='bbox 296 489 344 528; x_wconf 90' lang='lat' dir='ltr'>Et</span> <span class='ocrx_word' id='word_1_33' title='bbox 376 501 448 527; x_wconf 85' lang='lat' dir='ltr'>vox</span> <span class='ocrx_word' id='word_1_34' title='bbox 480 489 608 527; x_wconf 88' lang='lat' dir='ltr'>audita</span> <span class='ocrx_word' id='word_1_35' title='bbox 642 494 701 527; x_wconf 88' lang='lat' dir='ltr'>est</span> <span class='ocrx_word' id='word_1_36' title='bbox 732 485 879 527; x_wconf 66' lang='lat' dir='ltr'>‘voltus</span> <span class='ocrx_word' id='word_1_37' title='bbox 911 488 1134 526; x_wconf 82' lang='lat' dir='ltr'>abscondite</span> <span class='ocrx_word' id='word_1_38' title='bbox 1166 494 1345 540; x_wconf 86' lang='lat' dir='ltr'>nostros,</span> 
     </span>
     <span class='ocr_line' id='line_1_8' title="bbox 353 542 1216 585; baseline -0.001 0"><span class='ocrx_word' id='word_1_39' title='bbox 353 546 409 585; x_wconf 89' lang='lat' dir='ltr'>Ne</span> <span class='ocrx_word' id='word_1_40' title='bbox 442 553 552 585; x_wconf 87' lang='lat' dir='ltr'>natae</span> <span class='ocrx_word' id='word_1_41' title='bbox 583 547 738 585; x_wconf 83' lang='lat' dir='ltr'>videant</span> <span class='ocrx_word' id='word_1_42' title='bbox 770 559 836 585; x_wconf 87' lang='lat' dir='ltr'>ora</span> <span class='ocrx_word' id='word_1_43' title='bbox 868 546 1032 585; x_wconf 82' lang='lat' dir='ltr'>nefanda</span> <span class='ocrx_word' id='word_1_44' title='bbox 1065 542 1216 584; x_wconf 77' lang='lat' dir='ltr'>meael&#39;</span> 
     </span>
     <span class='ocr_line' id='line_1_9' title="bbox 297 603 1423 654; baseline -0.002 -12"><span class='ocrx_word' id='word_1_45' title='bbox 297 604 409 643; x_wconf 90' lang='lat' dir='ltr'>Veste</span> <span class='ocrx_word' id='word_1_46' title='bbox 442 605 528 643; x_wconf 87' lang='lat' dir='ltr'>data</span> <span class='ocrx_word' id='word_1_47' title='bbox 560 606 732 654; x_wconf 89' lang='lat' dir='ltr'>tegitur.</span> <span class='ocrx_word' id='word_1_48' title='bbox 790 609 891 643; x_wconf 84' lang='lat' dir='ltr'>vetat</span> <span class='ocrx_word' id='word_1_49' title='bbox 922 604 1021 643; x_wconf 87' lang='lat' dir='ltr'>hanc</span> <span class='ocrx_word' id='word_1_50' title='bbox 1053 603 1223 642; x_wconf 81' lang='lat' dir='ltr'>Fortuna</span> <span class='ocrx_word' id='word_1_51' title='bbox 1255 604 1423 653; x_wconf 86' lang='lat' dir='ltr'>moveri,</span> 
     </span>
     <span class='ocr_line' id='line_1_10' title="bbox 355 662 1208 713; baseline -0.001 -12"><span class='ocrx_word' id='word_1_52' title='bbox 355 662 402 701; x_wconf 85' lang='lat' dir='ltr'>Et</span> <span class='ocrx_word' id='word_1_53' title='bbox 435 664 489 701; x_wconf 92' lang='lat' dir='ltr'>sic</span> <span class='ocrx_word' id='word_1_54' title='bbox 522 675 541 700; x_wconf 91' lang='lat' dir='ltr'>e</span> <span class='ocrx_word' id='word_1_55' title='bbox 575 662 718 713; x_wconf 85' lang='lat' dir='ltr'>templo</span> <span class='ocrx_word' id='word_1_56' title='bbox 752 667 811 701; x_wconf 90' lang='lat' dir='ltr'>est</span> <span class='ocrx_word' id='word_1_57' title='bbox 841 664 924 713; x_wconf 88' lang='lat' dir='ltr'>ipsa</span> <span class='ocrx_word' id='word_1_58' title='bbox 954 662 1084 700; x_wconf 87' lang='lat' dir='ltr'>locuta</span> <span class='ocrx_word' id='word_1_59' title='bbox 1116 673 1208 700; x_wconf 90' lang='lat' dir='ltr'>suo:</span> 
     </span>
     <span class='ocr_line' id='line_1_11' title="bbox 297 717 1202 771; baseline -0.002 -12"><span class='ocrx_word' id='word_1_60' title='bbox 297 717 397 759; x_wconf 78' lang='lat' dir='ltr'>‘Ore</span> <span class='ocrx_word' id='word_1_61' title='bbox 430 720 598 759; x_wconf 81' lang='lat' dir='ltr'>revelato</span> <span class='ocrx_word' id='word_1_62' title='bbox 632 733 707 771; x_wconf 89' lang='lat' dir='ltr'>qua</span> <span class='ocrx_word' id='word_1_63' title='bbox 739 722 907 771; x_wconf 91' lang='lat' dir='ltr'>primum</span> <span class='ocrx_word' id='word_1_64' title='bbox 938 720 1024 758; x_wconf 91' lang='lat' dir='ltr'>luce</span> <span class='ocrx_word' id='word_1_65' title='bbox 1057 719 1202 770; x_wconf 85' lang='lat' dir='ltr'>patebit</span> 
     </span>
     <span class='ocr_line' id='line_1_12' title="bbox 211 771 1315 830; baseline -0.003 -12"><span class='ocrx_word' id='word_1_66' title='bbox 211 787 276 819; x_wconf 73' lang='lat'>620</span> <span class='ocrx_word' id='word_1_67' title='bbox 357 779 514 817; x_wconf 79' lang='lat' dir='ltr'>Servius</span> <span class='ocrx_word' id='word_1_68' title='bbox 534 810 544 830; x_wconf 87' lang='lat'>,</span> <span class='ocrx_word' id='word_1_69' title='bbox 575 778 669 817; x_wconf 89' lang='lat' dir='ltr'>haec</span> <span class='ocrx_word' id='word_1_70' title='bbox 702 780 818 829; x_wconf 87' lang='lat' dir='ltr'>positi</span> <span class='ocrx_word' id='word_1_71' title='bbox 850 779 973 828; x_wconf 88' lang='lat' dir='ltr'>prima</span> <span class='ocrx_word' id='word_1_72' title='bbox 1004 778 1163 828; x_wconf 89' lang='lat' dir='ltr'>pudoris</span> <span class='ocrx_word' id='word_1_73' title='bbox 1196 771 1315 815; x_wconf 89' lang='lat' dir='ltr'>erit.’</span> 
     </span>
     <span class='ocr_line' id='line_1_13' title="bbox 298 837 1312 887; baseline -0.003 -12"><span class='ocrx_word' id='word_1_74' title='bbox 298 837 449 875; x_wconf 78' lang='lat' dir='ltr'>Parcite</span> <span class='ocrx_word' id='word_1_75' title='bbox 468 867 479 887; x_wconf 92' lang='lat'>,</span> <span class='ocrx_word' id='word_1_76' title='bbox 512 842 709 875; x_wconf 87' lang='lat' dir='ltr'>matronae</span> <span class='ocrx_word' id='word_1_77' title='bbox 729 868 740 887; x_wconf 87' lang='lat'>,</span> <span class='ocrx_word' id='word_1_78' title='bbox 771 838 908 875; x_wconf 89' lang='lat' dir='ltr'>vetitas</span> <span class='ocrx_word' id='word_1_79' title='bbox 940 837 1130 886; x_wconf 79' lang='lat' dir='ltr'>attingere</span> <span class='ocrx_word' id='word_1_80' title='bbox 1163 839 1312 885; x_wconf 82' lang='lat' dir='ltr'>vestes3</span> 
     </span>
     <span class='ocr_line' id='line_1_14' title="bbox 358 895 1262 944; baseline -0.001 -12"><span class='ocrx_word' id='word_1_81' title='bbox 358 895 543 933; x_wconf 88' lang='lat' dir='ltr'>Sollemni</span> <span class='ocrx_word' id='word_1_82' title='bbox 575 896 666 933; x_wconf 89' lang='lat' dir='ltr'>satis</span> <span class='ocrx_word' id='word_1_83' title='bbox 699 900 758 933; x_wconf 91' lang='lat' dir='ltr'>est</span> <span class='ocrx_word' id='word_1_84' title='bbox 790 907 882 932; x_wconf 86' lang='lat' dir='ltr'>voce</span> <span class='ocrx_word' id='word_1_85' title='bbox 915 906 1071 932; x_wconf 85' lang='lat' dir='ltr'>movere</span> <span class='ocrx_word' id='word_1_86' title='bbox 1102 905 1262 944; x_wconf 81' lang='lat' dir='ltr'><strong>preces.</strong></span> 
     </span>
     <span class='ocr_line' id='line_1_15' title="bbox 300 952 1333 1003; baseline -0.002 -12"><span class='ocrx_word' id='word_1_87' title='bbox 300 952 435 1003; x_wconf 84' lang='lat' dir='ltr'>Sitque</span> <span class='ocrx_word' id='word_1_88' title='bbox 468 958 585 1003; x_wconf 89' lang='lat' dir='ltr'>caput</span> <span class='ocrx_word' id='word_1_89' title='bbox 616 964 769 1003; x_wconf 82' lang='lat' dir='ltr'><strong>semper</strong></span> <span class='ocrx_word' id='word_1_90' title='bbox 801 952 972 990; x_wconf 89' lang='lat' dir='ltr'>Romano</span> <span class='ocrx_word' id='word_1_91' title='bbox 1004 956 1132 990; x_wconf 82' lang='lat' dir='ltr'>tectus</span> <span class='ocrx_word' id='word_1_92' title='bbox 1164 952 1333 1002; x_wconf 86' lang='lat' dir='ltr'>amictu,</span> 
     </span>
     <span class='ocr_line' id='line_1_16' title="bbox 358 1009 1250 1061; baseline -0.002 -13"><span class='ocrx_word' id='word_1_93' title='bbox 358 1011 433 1056; x_wconf 82' lang='lat' dir='ltr'>Qui</span> <span class='ocrx_word' id='word_1_94' title='bbox 464 1023 533 1048; x_wconf 82' lang='lat' dir='ltr'>rex</span> <span class='ocrx_word' id='word_1_95' title='bbox 564 1012 604 1049; x_wconf 90' lang='lat' dir='ltr'>in</span> <span class='ocrx_word' id='word_1_96' title='bbox 636 1016 769 1049; x_wconf 86' lang='lat' dir='ltr'>nostra</span> <span class='ocrx_word' id='word_1_97' title='bbox 802 1012 990 1061; x_wconf 84' lang='lat' dir='ltr'>septimus</span> <span class='ocrx_word' id='word_1_98' title='bbox 1021 1009 1124 1048; x_wconf 82' lang='lat' dir='ltr'><strong>Urbe</strong></span> <span class='ocrx_word' id='word_1_99' title='bbox 1157 1009 1250 1047; x_wconf 89' lang='lat' dir='ltr'>fuit.</span> 
     </span>
     <span class='ocr_line' id='line_1_17' title="bbox 213 1066 1439 1118; baseline -0.003 -11"><span class='ocrx_word' id='word_1_100' title='bbox 213 1077 278 1108; x_wconf 71' lang='lat'>625</span> <span class='ocrx_word' id='word_1_101' title='bbox 299 1069 458 1107; x_wconf 78' lang='lat' dir='ltr'>Aiserat</span> <span class='ocrx_word' id='word_1_102' title='bbox 488 1068 562 1106; x_wconf 91' lang='lat' dir='ltr'>hoc</span> <span class='ocrx_word' id='word_1_103' title='bbox 594 1068 811 1118; x_wconf 89' lang='lat' dir='ltr'>templum.</span> <span class='ocrx_word' id='word_1_104' title='bbox 867 1069 976 1117; x_wconf 88' lang='lat' dir='ltr'>signo</span> <span class='ocrx_word' id='word_1_105' title='bbox 1009 1073 1136 1105; x_wconf 86' lang='lat' dir='ltr'>tamen</span> <span class='ocrx_word' id='word_1_106' title='bbox 1168 1066 1232 1104; x_wconf 91' lang='lat' dir='ltr'>ille</span> <span class='ocrx_word' id='word_1_107' title='bbox 1264 1067 1439 1116; x_wconf 83' lang='lat' dir='ltr'>pepercit</span> 
     </span>
     <span class='ocr_line' id='line_1_18' title="bbox 358 1123 1235 1177; baseline -0.002 -13"><span class='ocrx_word' id='word_1_108' title='bbox 358 1126 490 1177; x_wconf 75' lang='lat' dir='ltr'>lgni53</span> <span class='ocrx_word' id='word_1_109' title='bbox 524 1138 637 1176; x_wconf 88' lang='lat' dir='ltr'>opem</span> <span class='ocrx_word' id='word_1_110' title='bbox 670 1131 758 1164; x_wconf 88' lang='lat' dir='ltr'>nato</span> <span class='ocrx_word' id='word_1_111' title='bbox 790 1125 979 1163; x_wconf 85' lang='lat' dir='ltr'><strong>Mulciber</strong></span> <span class='ocrx_word' id='word_1_112' title='bbox 1010 1126 1092 1175; x_wconf 90' lang='lat' dir='ltr'>ipse</span> <span class='ocrx_word' id='word_1_113' title='bbox 1124 1123 1235 1163; x_wconf 88' lang='lat' dir='ltr'>tulit</span> 
     </span>
     <span class='ocr_line' id='line_1_19' title="bbox 300 1182 1345 1235; baseline -0.003 -13"><span class='ocrx_word' id='word_1_114' title='bbox 300 1184 473 1234; x_wconf 77' lang='lat' dir='ltr'>Namque</span> <span class='ocrx_word' id='word_1_115' title='bbox 506 1190 614 1235; x_wconf 89' lang='lat' dir='ltr'>pater</span> <span class='ocrx_word' id='word_1_116' title='bbox 647 1183 748 1222; x_wconf 86' lang='lat' dir='ltr'>Tulli</span> <span class='ocrx_word' id='word_1_117' title='bbox 781 1182 1000 1234; x_wconf 81' lang='lat' dir='ltr'>Volcanus,</span> <span class='ocrx_word' id='word_1_118' title='bbox 1033 1182 1193 1221; x_wconf 74' lang='lat' dir='ltr'>Omesia</span> <span class='ocrx_word' id='word_1_119' title='bbox 1223 1187 1345 1220; x_wconf 81' lang='lat' dir='ltr'>mater</span> 
     </span>
     <span class='ocr_line' id='line_1_20' title="bbox 358 1241 1122 1292; baseline -0.001 -12"><span class='ocrx_word' id='word_1_120' title='bbox 358 1242 578 1292; x_wconf 88' lang='lat' dir='ltr'>Praesignis</span> <span class='ocrx_word' id='word_1_121' title='bbox 611 1242 707 1280; x_wconf 86' lang='lat' dir='ltr'>facie</span> <span class='ocrx_word' id='word_1_122' title='bbox 740 1241 995 1280; x_wconf 81' lang='lat' dir='ltr'>Corniculana</span> <span class='ocrx_word' id='word_1_123' title='bbox 1027 1241 1122 1279; x_wconf 85' lang='lat' dir='ltr'>fuit.</span> 
     </span>
     <span class='ocr_line' id='line_1_21' title="bbox 301 1298 1415 1351; baseline -0.002 -13"><span class='ocrx_word' id='word_1_124' title='bbox 301 1300 406 1338; x_wconf 89' lang='lat' dir='ltr'>Hanc</span> <span class='ocrx_word' id='word_1_125' title='bbox 440 1312 571 1339; x_wconf 91' lang='lat' dir='ltr'>secum</span> <span class='ocrx_word' id='word_1_126' title='bbox 605 1299 821 1351; x_wconf 80' lang='lat' dir='ltr'>Tanaquil,</span> <span class='ocrx_word' id='word_1_127' title='bbox 855 1300 974 1338; x_wconf 89' lang='lat' dir='ltr'>sacris</span> <span class='ocrx_word' id='word_1_128' title='bbox 1007 1299 1054 1337; x_wconf 90' lang='lat' dir='ltr'>de</span> <span class='ocrx_word' id='word_1_129' title='bbox 1086 1310 1194 1337; x_wconf 88' lang='lat' dir='ltr'>more</span> <span class='ocrx_word' id='word_1_130' title='bbox 1225 1298 1415 1349; x_wconf 86' lang='lat' dir='ltr'>peractis,</span> 
     </span>
     <span class='ocr_line' id='line_1_22' title="bbox 214 1357 1255 1398; baseline -0.003 -1"><span class='ocrx_word' id='word_1_131' title='bbox 214 1368 278 1398; x_wconf 86' lang='lat'>630</span> <span class='ocrx_word' id='word_1_132' title='bbox 359 1358 476 1397; x_wconf 88' lang='lat' dir='ltr'>Iussit</span> <span class='ocrx_word' id='word_1_133' title='bbox 507 1360 547 1396; x_wconf 89' lang='lat' dir='ltr'>in</span> <span class='ocrx_word' id='word_1_134' title='bbox 579 1364 758 1396; x_wconf 89' lang='lat' dir='ltr'>ornatum</span> <span class='ocrx_word' id='word_1_135' title='bbox 791 1357 954 1396; x_wconf 88' lang='lat' dir='ltr'>sundere</span> <span class='ocrx_word' id='word_1_136' title='bbox 986 1358 1072 1395; x_wconf 92' lang='lat' dir='ltr'>vina</span> <span class='ocrx_word' id='word_1_137' title='bbox 1104 1357 1255 1395; x_wconf 85' lang='lat' dir='ltr'>focum.</span> 
     </span>
     <span class='ocr_line' id='line_1_23' title="bbox 300 1415 1184 1455; baseline -0.002 -1"><span class='ocrx_word' id='word_1_138' title='bbox 300 1416 370 1455; x_wconf 89' lang='lat' dir='ltr'>Ilic</span> <span class='ocrx_word' id='word_1_139' title='bbox 402 1418 504 1454; x_wconf 87' lang='lat' dir='ltr'>inter</span> <span class='ocrx_word' id='word_1_140' title='bbox 536 1418 687 1455; x_wconf 89' lang='lat' dir='ltr'>cineres</span> <span class='ocrx_word' id='word_1_141' title='bbox 720 1416 879 1455; x_wconf 88' lang='lat' dir='ltr'>obsceni</span> <span class='ocrx_word' id='word_1_142' title='bbox 910 1416 1032 1454; x_wconf 86' lang='lat' dir='ltr'>forma</span> <span class='ocrx_word' id='word_1_143' title='bbox 1063 1415 1184 1453; x_wconf 89' lang='lat' dir='ltr'>virilis</span> 
     </span>
     <span class='ocr_line' id='line_1_24' title="bbox 358 1472 1378 1525; baseline -0.003 -12"><span class='ocrx_word' id='word_1_144' title='bbox 358 1475 433 1513; x_wconf 87' lang='lat' dir='ltr'>Aut</span> <span class='ocrx_word' id='word_1_145' title='bbox 465 1475 564 1525; x_wconf 83' lang='lat' dir='ltr'>fuit,</span> <span class='ocrx_word' id='word_1_146' title='bbox 598 1481 664 1513; x_wconf 89' lang='lat' dir='ltr'>aut</span> <span class='ocrx_word' id='word_1_147' title='bbox 696 1476 774 1513; x_wconf 90' lang='lat' dir='ltr'>visa</span> <span class='ocrx_word' id='word_1_148' title='bbox 807 1480 893 1513; x_wconf 89' lang='lat' dir='ltr'>est:</span> <span class='ocrx_word' id='word_1_149' title='bbox 939 1473 1006 1512; x_wconf 87' lang='lat' dir='ltr'>sed</span> <span class='ocrx_word' id='word_1_150' title='bbox 1039 1473 1112 1511; x_wconf 90' lang='lat' dir='ltr'>fuit</span> <span class='ocrx_word' id='word_1_151' title='bbox 1142 1472 1204 1511; x_wconf 92' lang='lat' dir='ltr'>illa</span> <span class='ocrx_word' id='word_1_152' title='bbox 1236 1473 1378 1523; x_wconf 85' lang='lat' dir='ltr'>magis.</span> 
     </span>
     <span class='ocr_line' id='line_1_25' title="bbox 300 1530 1315 1583; baseline -0.003 -12"><span class='ocrx_word' id='word_1_153' title='bbox 300 1532 408 1571; x_wconf 85' lang='lat' dir='ltr'>Iussa</span> <span class='ocrx_word' id='word_1_154' title='bbox 439 1532 523 1571; x_wconf 93' lang='lat' dir='ltr'>loco</span> <span class='ocrx_word' id='word_1_155' title='bbox 556 1533 704 1583; x_wconf 83' lang='lat' dir='ltr'>captiva</span> <span class='ocrx_word' id='word_1_156' title='bbox 737 1532 874 1571; x_wconf 91' lang='lat' dir='ltr'>sedet.</span> <span class='ocrx_word' id='word_1_157' title='bbox 930 1536 1142 1582; x_wconf 90' lang='lat' dir='ltr'>conceptus</span> <span class='ocrx_word' id='word_1_158' title='bbox 1174 1530 1220 1569; x_wconf 87' lang='lat' dir='ltr'>ab</span> <span class='ocrx_word' id='word_1_159' title='bbox 1252 1530 1315 1568; x_wconf 93' lang='lat' dir='ltr'>illa</span> 
     </span>
     <span class='ocr_line' id='line_1_26' title="bbox 360 1588 1213 1640; baseline -0.002 -12"><span class='ocrx_word' id='word_1_160' title='bbox 360 1590 518 1628; x_wconf 91' lang='lat' dir='ltr'>Servius</span> <span class='ocrx_word' id='word_1_161' title='bbox 551 1602 572 1628; x_wconf 89' lang='lat' dir='ltr'>a</span> <span class='ocrx_word' id='word_1_162' title='bbox 603 1590 708 1629; x_wconf 90' lang='lat' dir='ltr'>caelo</span> <span class='ocrx_word' id='word_1_163' title='bbox 741 1591 887 1628; x_wconf 89' lang='lat' dir='ltr'>semina</span> <span class='ocrx_word' id='word_1_164' title='bbox 919 1590 1045 1640; x_wconf 86' lang='lat' dir='ltr'>gentis</span> <span class='ocrx_word' id='word_1_165' title='bbox 1076 1588 1213 1627; x_wconf 89' lang='lat' dir='ltr'>habet.</span> 
     </span>
     <span class='ocr_line' id='line_1_27' title="bbox 213 1647 1474 1699; baseline -0.003 -12"><span class='ocrx_word' id='word_1_166' title='bbox 213 1658 279 1688; x_wconf 87' lang='lat'>635</span> <span class='ocrx_word' id='word_1_167' title='bbox 302 1649 418 1699; x_wconf 85' lang='lat' dir='ltr'>Signa</span> <span class='ocrx_word' id='word_1_168' title='bbox 450 1648 556 1686; x_wconf 85' lang='lat' dir='ltr'>dedit</span> <span class='ocrx_word' id='word_1_169' title='bbox 587 1649 740 1698; x_wconf 84' lang='lat' dir='ltr'>genitor</span> <span class='ocrx_word' id='word_1_170' title='bbox 771 1654 893 1698; x_wconf 86' lang='lat' dir='ltr'>tunc,</span> <span class='ocrx_word' id='word_1_171' title='bbox 926 1659 1015 1685; x_wconf 89' lang='lat' dir='ltr'>cum</span> <span class='ocrx_word' id='word_1_172' title='bbox 1047 1652 1163 1698; x_wconf 87' lang='lat' dir='ltr'>caput</span> <span class='ocrx_word' id='word_1_173' title='bbox 1192 1647 1280 1697; x_wconf 83' lang='lat' dir='ltr'>igne</span> <span class='ocrx_word' id='word_1_174' title='bbox 1313 1657 1474 1685; x_wconf 82' lang='lat' dir='ltr'>coiusco</span> 
     </span>
     <span class='ocr_line' id='line_1_28' title="bbox 345 1679 1368 1757; baseline -0.004 -11.935"><span class='ocrx_word' id='word_1_175' title='bbox 345 1679 558 1757; x_wconf 60' lang='lat' dir='ltr'>UContigit,</span> <span class='ocrx_word' id='word_1_176' title='bbox 590 1708 707 1756; x_wconf 88' lang='lat' dir='ltr'>inque</span> <span class='ocrx_word' id='word_1_177' title='bbox 741 1707 861 1744; x_wconf 86' lang='lat' dir='ltr'>comis</span> <span class='ocrx_word' id='word_1_178' title='bbox 893 1705 1093 1743; x_wconf 85' lang='lat' dir='ltr'>flammeus</span> <span class='ocrx_word' id='word_1_179' title='bbox 1125 1705 1220 1742; x_wconf 90' lang='lat' dir='ltr'>arsit</span> <span class='ocrx_word' id='word_1_180' title='bbox 1251 1715 1368 1755; x_wconf 84' lang='lat' dir='ltr'>apex</span> 
     </span>
     <span class='ocr_line' id='line_1_29' title="bbox 301 1753 1388 1815; baseline -0.003 -12"><span class='ocrx_word' id='word_1_181' title='bbox 301 1765 354 1803; x_wconf 93' lang='lat' dir='ltr'>Te</span> <span class='ocrx_word' id='word_1_182' title='bbox 388 1776 542 1815; x_wconf 86' lang='lat' dir='ltr'>quoque</span> <span class='ocrx_word' id='word_1_183' title='bbox 576 1764 804 1815; x_wconf 80' lang='lat' dir='ltr'>magnilica,</span> <span class='ocrx_word' id='word_1_184' title='bbox 837 1763 1081 1814; x_wconf 89' lang='lat' dir='ltr'>Concordia,</span> <span class='ocrx_word' id='word_1_185' title='bbox 1113 1753 1264 1800; x_wconf 89' lang='lat' dir='ltr'>dedicat</span> <span class='ocrx_word' id='word_1_186' title='bbox 1296 1761 1388 1801; x_wconf 85' lang='lat' dir='ltr'>aede</span> 
     </span>
     <span class='ocr_line' id='line_1_30' title="bbox 360 1821 1238 1872; baseline -0.002 -12"><span class='ocrx_word' id='word_1_187' title='bbox 360 1822 493 1872; x_wconf 84' lang='lat' dir='ltr'>Livia,</span> <span class='ocrx_word' id='word_1_188' title='bbox 526 1834 640 1872; x_wconf 87' lang='lat' dir='ltr'>quam</span> <span class='ocrx_word' id='word_1_189' title='bbox 674 1834 761 1860; x_wconf 88' lang='lat' dir='ltr'>caro</span> <span class='ocrx_word' id='word_1_190' title='bbox 794 1822 988 1872; x_wconf 86' lang='lat' dir='ltr'>praestitit</span> <span class='ocrx_word' id='word_1_191' title='bbox 1019 1822 1101 1871; x_wconf 88' lang='lat' dir='ltr'>ipsa</span> <span class='ocrx_word' id='word_1_192' title='bbox 1133 1821 1238 1859; x_wconf 89' lang='lat' dir='ltr'>viro.</span> 
     </span>
     <span class='ocr_line' id='line_1_31' title="bbox 305 1877 1424 1931; baseline -0.002 -13"><span class='ocrx_word' id='word_1_193' title='bbox 305 1881 416 1919; x_wconf 83' lang='lat' dir='ltr'>Disce</span> <span class='ocrx_word' id='word_1_194' title='bbox 449 1886 577 1918; x_wconf 86' lang='lat' dir='ltr'>tamen</span> <span class='ocrx_word' id='word_1_195' title='bbox 596 1911 607 1931; x_wconf 94' lang='lat'>,</span> <span class='ocrx_word' id='word_1_196' title='bbox 639 1881 797 1918; x_wconf 88' lang='lat' dir='ltr'>veniens</span> <span class='ocrx_word' id='word_1_197' title='bbox 830 1885 934 1918; x_wconf 89' lang='lat' dir='ltr'>aetas</span> <span class='ocrx_word' id='word_1_198' title='bbox 953 1910 964 1930; x_wconf 92' lang='lat'>,</span> <span class='ocrx_word' id='word_1_199' title='bbox 996 1878 1064 1917; x_wconf 89' lang='lat' dir='ltr'>ubi</span> <span class='ocrx_word' id='word_1_200' title='bbox 1095 1877 1201 1917; x_wconf 86' lang='lat' dir='ltr'>Livia</span> <span class='ocrx_word' id='word_1_201' title='bbox 1232 1889 1336 1916; x_wconf 86' lang='lat' dir='ltr'>nunc</span> <span class='ocrx_word' id='word_1_202' title='bbox 1368 1883 1424 1916; x_wconf 88' lang='lat' dir='ltr'>est</span> 
     </span>
     <span class='ocr_line' id='line_1_32' title="bbox 217 1936 1290 1990; baseline -0.004 -12"><span class='ocrx_word' id='word_1_203' title='bbox 217 1948 282 1978; x_wconf 65' lang='lat'>640</span> <span class='ocrx_word' id='word_1_204' title='bbox 362 1939 571 1990; x_wconf 84' lang='lat' dir='ltr'>Porticus,</span> <span class='ocrx_word' id='word_1_205' title='bbox 604 1939 814 1976; x_wconf 87' lang='lat' dir='ltr'>immensae</span> <span class='ocrx_word' id='word_1_206' title='bbox 848 1943 949 1976; x_wconf 87' lang='lat' dir='ltr'>tecta</span> <span class='ocrx_word' id='word_1_207' title='bbox 980 1937 1099 1975; x_wconf 89' lang='lat' dir='ltr'>fuisse</span> <span class='ocrx_word' id='word_1_208' title='bbox 1132 1936 1290 1974; x_wconf 89' lang='lat' dir='ltr'>domus.</span> 
     </span>
     <span class='ocr_line' id='line_1_33' title="bbox 304 1992 1445 2047; baseline -0.003 -12"><span class='ocrx_word' id='word_1_209' title='bbox 304 1996 418 2036; x_wconf 83' lang='lat' dir='ltr'>Urbis</span> <span class='ocrx_word' id='word_1_210' title='bbox 451 2008 549 2047; x_wconf 88' lang='lat' dir='ltr'>opus</span> <span class='ocrx_word' id='word_1_211' title='bbox 581 1996 718 2035; x_wconf 91' lang='lat' dir='ltr'>domus</span> <span class='ocrx_word' id='word_1_212' title='bbox 750 2008 826 2034; x_wconf 91' lang='lat' dir='ltr'>una</span> <span class='ocrx_word' id='word_1_213' title='bbox 858 1996 960 2047; x_wconf 88' lang='lat' dir='ltr'>suit,</span> <span class='ocrx_word' id='word_1_214' title='bbox 992 1996 1236 2045; x_wconf 84' lang='lat' dir='ltr'>spatiumque</span> <span class='ocrx_word' id='word_1_215' title='bbox 1268 1992 1445 2045; x_wconf 88' lang='lat' dir='ltr'>tenebat,</span> 
     </span>
     <span class='ocr_line' id='line_1_34' title="bbox 364 2052 1302 2105; baseline -0.002 -12"><span class='ocrx_word' id='word_1_216' title='bbox 364 2054 448 2100; x_wconf 84' lang='lat' dir='ltr'>Quo</span> <span class='ocrx_word' id='word_1_217' title='bbox 479 2055 637 2093; x_wconf 86' lang='lat' dir='ltr'>brevius</span> <span class='ocrx_word' id='word_1_218' title='bbox 670 2056 792 2093; x_wconf 85' lang='lat' dir='ltr'>muris</span> <span class='ocrx_word' id='word_1_219' title='bbox 825 2053 965 2105; x_wconf 87' lang='lat' dir='ltr'>oppida</span> <span class='ocrx_word' id='word_1_220' title='bbox 996 2052 1116 2091; x_wconf 88' lang='lat' dir='ltr'>multa</span> <span class='ocrx_word' id='word_1_221' title='bbox 1146 2057 1302 2091; x_wconf 87' lang='lat' dir='ltr'>tenent.</span> 
     </span>
     <span class='ocr_line' id='line_1_35' title="bbox 305 2110 1434 2164; baseline -0.003 -13"><span class='ocrx_word' id='word_1_222' title='bbox 305 2113 407 2152; x_wconf 89' lang='lat' dir='ltr'>Haec</span> <span class='ocrx_word' id='word_1_223' title='bbox 439 2118 600 2164; x_wconf 83' lang='lat' dir='ltr'>aequata</span> <span class='ocrx_word' id='word_1_224' title='bbox 634 2112 714 2150; x_wconf 90' lang='lat' dir='ltr'>solo</span> <span class='ocrx_word' id='word_1_225' title='bbox 748 2118 835 2164; x_wconf 88' lang='lat' dir='ltr'>est,</span> <span class='ocrx_word' id='word_1_226' title='bbox 867 2111 971 2151; x_wconf 90' lang='lat' dir='ltr'>nullo</span> <span class='ocrx_word' id='word_1_227' title='bbox 1005 2110 1077 2149; x_wconf 89' lang='lat' dir='ltr'>sub</span> <span class='ocrx_word' id='word_1_228' title='bbox 1109 2111 1270 2149; x_wconf 85' lang='lat' dir='ltr'>crimine</span> <span class='ocrx_word' id='word_1_229' title='bbox 1303 2110 1434 2161; x_wconf 86' lang='lat' dir='ltr'>regni,</span> 
     </span>
     <span class='ocr_line' id='line_1_36' title="bbox 365 2170 1152 2222; baseline -0.003 -13"><span class='ocrx_word' id='word_1_230' title='bbox 365 2170 440 2209; x_wconf 89' lang='lat' dir='ltr'>Sed</span> <span class='ocrx_word' id='word_1_231' title='bbox 473 2172 562 2222; x_wconf 85' lang='lat' dir='ltr'>quia</span> <span class='ocrx_word' id='word_1_232' title='bbox 593 2170 746 2209; x_wconf 85' lang='lat' dir='ltr'>luxuria</span> <span class='ocrx_word' id='word_1_233' title='bbox 778 2171 857 2208; x_wconf 89' lang='lat' dir='ltr'>visa</span> <span class='ocrx_word' id='word_1_234' title='bbox 888 2181 1029 2208; x_wconf 90' lang='lat' dir='ltr'>nocere</span> <span class='ocrx_word' id='word_1_235' title='bbox 1062 2180 1152 2207; x_wconf 89' lang='lat' dir='ltr'>sua.</span> 
     </span>
     <span class='ocr_line' id='line_1_37' title="bbox 219 2225 1287 2279; baseline -0.006 -9"><span class='ocrx_word' id='word_1_236' title='bbox 219 2238 284 2270; x_wconf 75' lang='lat'>645</span> <span class='ocrx_word' id='word_1_237' title='bbox 307 2230 502 2268; x_wconf 88' lang='lat' dir='ltr'>Sustinuit</span> <span class='ocrx_word' id='word_1_238' title='bbox 534 2234 658 2268; x_wconf 90' lang='lat' dir='ltr'>tantas</span> <span class='ocrx_word' id='word_1_239' title='bbox 691 2240 853 2279; x_wconf 88' lang='lat' dir='ltr'>operum</span> <span class='ocrx_word' id='word_1_240' title='bbox 886 2227 1112 2266; x_wconf 87' lang='lat' dir='ltr'>subvertere</span> <span class='ocrx_word' id='word_1_241' title='bbox 1144 2225 1287 2278; x_wconf 89' lang='lat' dir='ltr'>moles,</span> 
     </span>
     <span class='ocr_line' id='line_1_38' title="bbox 365 2284 1299 2338; baseline -0.002 -13"><span class='ocrx_word' id='word_1_242' title='bbox 365 2287 516 2338; x_wconf 81' lang='lat' dir='ltr'>Totque</span> <span class='ocrx_word' id='word_1_243' title='bbox 549 2299 638 2325; x_wconf 89' lang='lat' dir='ltr'>suas</span> <span class='ocrx_word' id='word_1_244' title='bbox 670 2286 784 2325; x_wconf 85' lang='lat' dir='ltr'>heres</span> <span class='ocrx_word' id='word_1_245' title='bbox 816 2285 980 2338; x_wconf 89' lang='lat' dir='ltr'>perdere</span> <span class='ocrx_word' id='word_1_246' title='bbox 1013 2284 1152 2324; x_wconf 87' lang='lat' dir='ltr'>Caesar</span> <span class='ocrx_word' id='word_1_247' title='bbox 1183 2296 1299 2336; x_wconf 88' lang='lat' dir='ltr'>opes.</span> 
     </span>
    </p>
   </div>
  </div>
 </body>
</html>
