<?xml version="1.0" encoding="UTF-8"?>
<!DOCTYPE html PUBLIC "-//W3C//DTD XHTML 1.0 Transitional//EN"
    "http://www.w3.org/TR/xhtml1/DTD/xhtml1-transitional.dtd">
<html xmlns="http://www.w3.org/1999/xhtml" xml:lang="en" lang="en">
 <head>
  <title>
</title>
<meta http-equiv="Content-Type" content="text/html;charset=utf-8" />
  <meta name='ocr-system' content='tesseract 3.04.00' />
  <meta name='ocr-capabilities' content='ocr_page ocr_carea ocr_par ocr_line ocrx_word'/>
</head>
<body>
  <div class='ocr_page' id='page_1' title='image "./operaovid01oviduoft_0291.png"; bbox 0 0 1575 2489; ppageno 0'>
   <div class='ocr_carea' id='block_1_1' title="bbox 557 48 1355 89">
    <p class='ocr_par' dir='ltr' id='par_1_1' title="bbox 557 48 1355 89">
     <span class='ocr_line' id='line_1_1' title="bbox 557 48 1355 89; baseline 0.011 -8"><span class='ocrx_word' id='word_1_1' title='bbox 557 49 604 82; x_wconf 89' lang='lat'>11.</span> <span class='ocrx_word' id='word_1_2' title='bbox 631 51 825 83; x_wconf 79' lang='lat'><strong>276—348.</strong></span> <span class='ocrx_word' id='word_1_3' title='bbox 1269 48 1355 89; x_wconf 82' lang='lat'>243</span> 
     </span>
    </p>
   </div>
   <div class='ocr_carea' id='block_1_2' title="bbox 50 155 1353 2354">
    <p class='ocr_par' dir='ltr' id='par_1_2' title="bbox 50 155 1353 2354">
     <span class='ocr_line' id='line_1_2' title="bbox 144 155 1225 209; baseline 0 -13"><span class='ocrx_word' id='word_1_4' title='bbox 144 156 300 208; x_wconf 90' lang='lat' dir='ltr'>Iamque</span> <span class='ocrx_word' id='word_1_5' title='bbox 331 168 470 196; x_wconf 91' lang='lat' dir='ltr'>nemus</span> <span class='ocrx_word' id='word_1_6' title='bbox 501 155 670 208; x_wconf 85' lang='lat' dir='ltr'>Bacchi,</span> <span class='ocrx_word' id='word_1_7' title='bbox 702 156 827 194; x_wconf 86' lang='lat' dir='ltr'>Tmoli</span> <span class='ocrx_word' id='word_1_8' title='bbox 858 157 1014 208; x_wconf 88' lang='lat' dir='ltr'>vineta,</span> <span class='ocrx_word' id='word_1_9' title='bbox 1046 157 1225 209; x_wconf 86' lang='lat' dir='ltr'>tenebat,</span> 
     </span>
     <span class='ocr_line' id='line_1_3' title="bbox 202 214 1086 266; baseline 0 -13"><span class='ocrx_word' id='word_1_10' title='bbox 202 215 398 266; x_wconf 80' lang='lat' dir='ltr'>Hesperos</span> <span class='ocrx_word' id='word_1_11' title='bbox 431 220 469 253; x_wconf 89' lang='lat' dir='ltr'>et</span> <span class='ocrx_word' id='word_1_12' title='bbox 501 215 611 253; x_wconf 86' lang='lat' dir='ltr'>fusco</span> <span class='ocrx_word' id='word_1_13' title='bbox 643 215 820 253; x_wconf 89' lang='lat' dir='ltr'>roscidus</span> <span class='ocrx_word' id='word_1_14' title='bbox 851 214 932 253; x_wconf 86' lang='lat' dir='ltr'>ibat</span> <span class='ocrx_word' id='word_1_15' title='bbox 963 227 1086 265; x_wconf 89' lang='lat' dir='ltr'>equo.</span> 
     </span>
     <span class='ocr_line' id='line_1_4' title="bbox 57 272 1119 325; baseline -0.001 -13"><span class='ocrx_word' id='word_1_16' title='bbox 57 280 123 312; x_wconf 88' lang='lat'>315</span> <span class='ocrx_word' id='word_1_17' title='bbox 144 274 263 312; x_wconf 80' lang='lat' dir='ltr'><strong>Antra</strong></span> <span class='ocrx_word' id='word_1_18' title='bbox 294 272 400 311; x_wconf 86' lang='lat' dir='ltr'>subit</span> <span class='ocrx_word' id='word_1_19' title='bbox 430 273 518 311; x_wconf 86' lang='lat' dir='ltr'>tofis</span> <span class='ocrx_word' id='word_1_20' title='bbox 549 273 726 324; x_wconf 88' lang='lat' dir='ltr'>laqueata</span> <span class='ocrx_word' id='word_1_21' title='bbox 758 278 796 311; x_wconf 88' lang='lat' dir='ltr'>et</span> <span class='ocrx_word' id='word_1_22' title='bbox 826 274 979 324; x_wconf 86' lang='lat' dir='ltr'>pumice</span> <span class='ocrx_word' id='word_1_23' title='bbox 1012 274 1119 325; x_wconf 87' lang='lat' dir='ltr'>vivo;</span> 
     </span>
     <span class='ocr_line' id='line_1_5' title="bbox 203 330 1058 382; baseline -0.001 -12"><span class='ocrx_word' id='word_1_24' title='bbox 203 331 390 370; x_wconf 82' lang='lat' dir='ltr'>Garrulus</span> <span class='ocrx_word' id='word_1_25' title='bbox 421 332 461 369; x_wconf 90' lang='lat' dir='ltr'>in</span> <span class='ocrx_word' id='word_1_26' title='bbox 492 332 618 382; x_wconf 89' lang='lat' dir='ltr'>primo</span> <span class='ocrx_word' id='word_1_27' title='bbox 650 330 782 369; x_wconf 89' lang='lat' dir='ltr'>limine</span> <span class='ocrx_word' id='word_1_28' title='bbox 814 332 921 370; x_wconf 89' lang='lat' dir='ltr'>rivus</span> <span class='ocrx_word' id='word_1_29' title='bbox 953 336 1058 370; x_wconf 91' lang='lat' dir='ltr'>erat.</span> 
     </span>
     <span class='ocr_line' id='line_1_6' title="bbox 142 388 1272 440; baseline -0.001 -12"><span class='ocrx_word' id='word_1_30' title='bbox 142 389 321 440; x_wconf 86' lang='lat' dir='ltr'><strong>Dumque</strong></span> <span class='ocrx_word' id='word_1_31' title='bbox 352 394 490 440; x_wconf 88' lang='lat' dir='ltr'>parant</span> <span class='ocrx_word' id='word_1_32' title='bbox 522 389 654 440; x_wconf 81' lang='lat' dir='ltr'><strong>epulas</strong></span> <span class='ocrx_word' id='word_1_33' title='bbox 686 388 930 440; x_wconf 87' lang='lat' dir='ltr'>potandaque</span> <span class='ocrx_word' id='word_1_34' title='bbox 962 390 1049 428; x_wconf 91' lang='lat' dir='ltr'>vina</span> <span class='ocrx_word' id='word_1_35' title='bbox 1080 389 1272 440; x_wconf 80' lang='lat' dir='ltr'>ministri,</span> 
     </span>
     <span class='ocr_line' id='line_1_7' title="bbox 203 446 992 486; baseline 0.001 -1"><span class='ocrx_word' id='word_1_36' title='bbox 203 446 380 486; x_wconf 88' lang='lat' dir='ltr'>Cultibus</span> <span class='ocrx_word' id='word_1_37' title='bbox 412 446 571 486; x_wconf 82' lang='lat' dir='ltr'>Alciden</span> <span class='ocrx_word' id='word_1_38' title='bbox 602 448 763 486; x_wconf 83' lang='lat' dir='ltr'>instruit</span> <span class='ocrx_word' id='word_1_39' title='bbox 791 446 856 486; x_wconf 88' lang='lat' dir='ltr'>illa</span> <span class='ocrx_word' id='word_1_40' title='bbox 887 448 992 486; x_wconf 91' lang='lat' dir='ltr'>suis.</span> 
     </span>
     <span class='ocr_line' id='line_1_8' title="bbox 143 505 1129 557; baseline 0 -13"><span class='ocrx_word' id='word_1_41' title='bbox 143 505 214 544; x_wconf 90' lang='lat' dir='ltr'>Dat</span> <span class='ocrx_word' id='word_1_42' title='bbox 245 506 374 544; x_wconf 86' lang='lat' dir='ltr'>tenuis</span> <span class='ocrx_word' id='word_1_43' title='bbox 406 506 558 544; x_wconf 88' lang='lat' dir='ltr'>tunicas</span> <span class='ocrx_word' id='word_1_44' title='bbox 591 505 751 544; x_wconf 90' lang='lat' dir='ltr'>Gaetulo</span> <span class='ocrx_word' id='word_1_45' title='bbox 784 506 933 544; x_wconf 88' lang='lat' dir='ltr'>murice</span> <span class='ocrx_word' id='word_1_46' title='bbox 965 507 1129 557; x_wconf 85' lang='lat' dir='ltr'>tinctas,</span> 
     </span>
     <span class='ocr_line' id='line_1_9' title="bbox 56 563 1200 615; baseline 0.001 -14"><span class='ocrx_word' id='word_1_47' title='bbox 56 571 121 603; x_wconf 80' lang='lat'>320</span> <span class='ocrx_word' id='word_1_48' title='bbox 200 563 271 602; x_wconf 86' lang='lat' dir='ltr'>Dat</span> <span class='ocrx_word' id='word_1_49' title='bbox 303 568 467 602; x_wconf 86' lang='lat' dir='ltr'>teretem</span> <span class='ocrx_word' id='word_1_50' title='bbox 498 575 633 602; x_wconf 87' lang='lat' dir='ltr'>zonam</span> <span class='ocrx_word' id='word_1_51' title='bbox 652 595 663 615; x_wconf 87' lang='lat'>‚</span> <span class='ocrx_word' id='word_1_52' title='bbox 695 575 770 615; x_wconf 86' lang='lat' dir='ltr'>qua</span> <span class='ocrx_word' id='word_1_53' title='bbox 800 563 914 602; x_wconf 89' lang='lat' dir='ltr'>modo</span> <span class='ocrx_word' id='word_1_54' title='bbox 947 565 1073 602; x_wconf 89' lang='lat' dir='ltr'>cincta</span> <span class='ocrx_word' id='word_1_55' title='bbox 1105 564 1200 602; x_wconf 86' lang='lat' dir='ltr'>suit.</span> 
     </span>
     <span class='ocr_line' id='line_1_10' title="bbox 141 620 1297 674; baseline 0.001 -15"><span class='ocrx_word' id='word_1_56' title='bbox 141 620 284 660; x_wconf 87' lang='lat' dir='ltr'>Ventre</span> <span class='ocrx_word' id='word_1_57' title='bbox 316 623 442 660; x_wconf 90' lang='lat' dir='ltr'>minor</span> <span class='ocrx_word' id='word_1_58' title='bbox 474 633 568 660; x_wconf 91' lang='lat' dir='ltr'>zona</span> <span class='ocrx_word' id='word_1_59' title='bbox 600 627 688 673; x_wconf 84' lang='lat' dir='ltr'>est3</span> <span class='ocrx_word' id='word_1_60' title='bbox 720 623 940 660; x_wconf 88' lang='lat' dir='ltr'>tunicarum</span> <span class='ocrx_word' id='word_1_61' title='bbox 973 622 1097 660; x_wconf 89' lang='lat' dir='ltr'>vincla</span> <span class='ocrx_word' id='word_1_62' title='bbox 1129 622 1297 674; x_wconf 85' lang='lat' dir='ltr'>relaxat,</span> 
     </span>
     <span class='ocr_line' id='line_1_11' title="bbox 202 679 997 731; baseline 0.001 -13"><span class='ocrx_word' id='word_1_63' title='bbox 202 679 252 718; x_wconf 92' lang='lat' dir='ltr'>Ut</span> <span class='ocrx_word' id='word_1_64' title='bbox 282 686 415 731; x_wconf 87' lang='lat' dir='ltr'>posset</span> <span class='ocrx_word' id='word_1_65' title='bbox 446 686 572 719; x_wconf 87' lang='lat' dir='ltr'>vastas</span> <span class='ocrx_word' id='word_1_66' title='bbox 604 681 803 719; x_wconf 81' lang='lat' dir='ltr'>exeruisse</span> <span class='ocrx_word' id='word_1_67' title='bbox 835 691 997 719; x_wconf 82' lang='lat' dir='ltr'>manuS.</span> 
     </span>
     <span class='ocr_line' id='line_1_12' title="bbox 141 736 1174 790; baseline 0 -14"><span class='ocrx_word' id='word_1_68' title='bbox 141 736 328 788; x_wconf 83' lang='lat' dir='ltr'>Fregerat</span> <span class='ocrx_word' id='word_1_69' title='bbox 358 738 526 776; x_wconf 80' lang='lat' dir='ltr'>armillas</span> <span class='ocrx_word' id='word_1_70' title='bbox 559 750 636 777; x_wconf 93' lang='lat' dir='ltr'>non</span> <span class='ocrx_word' id='word_1_71' title='bbox 667 738 731 776; x_wconf 90' lang='lat' dir='ltr'>illa</span> <span class='ocrx_word' id='word_1_72' title='bbox 763 738 808 776; x_wconf 91' lang='lat' dir='ltr'>ad</span> <span class='ocrx_word' id='word_1_73' title='bbox 842 737 999 776; x_wconf 87' lang='lat' dir='ltr'>brachia</span> <span class='ocrx_word' id='word_1_74' title='bbox 1030 739 1174 790; x_wconf 86' lang='lat' dir='ltr'>factas,</span> 
     </span>
     <span class='ocr_line' id='line_1_13' title="bbox 201 795 1102 847; baseline 0 -13"><span class='ocrx_word' id='word_1_75' title='bbox 201 795 437 835; x_wconf 89' lang='lat' dir='ltr'>Scindebant</span> <span class='ocrx_word' id='word_1_76' title='bbox 467 798 596 847; x_wconf 82' lang='lat' dir='ltr'>magni</span> <span class='ocrx_word' id='word_1_77' title='bbox 628 795 780 834; x_wconf 85' lang='lat' dir='ltr'>vincula</span> <span class='ocrx_word' id='word_1_78' title='bbox 811 808 927 847; x_wconf 88' lang='lat' dir='ltr'>parva</span> <span class='ocrx_word' id='word_1_79' title='bbox 959 795 1102 846; x_wconf 87' lang='lat' dir='ltr'>pedes.</span> 
     </span>
     <span class='ocr_line' id='line_1_14' title="bbox 54 853 1236 905; baseline 0.001 -14"><span class='ocrx_word' id='word_1_80' title='bbox 54 861 120 892; x_wconf 85' lang='lat'>325</span> <span class='ocrx_word' id='word_1_81' title='bbox 141 853 228 904; x_wconf 86' lang='lat' dir='ltr'>Ipsa</span> <span class='ocrx_word' id='word_1_82' title='bbox 259 855 361 904; x_wconf 83' lang='lat' dir='ltr'>capit</span> <span class='ocrx_word' id='word_1_83' title='bbox 392 854 614 905; x_wconf 80' lang='lat' dir='ltr'>clavamque</span> <span class='ocrx_word' id='word_1_84' title='bbox 646 866 800 904; x_wconf 85' lang='lat' dir='ltr'>gravem</span> <span class='ocrx_word' id='word_1_85' title='bbox 833 853 1077 904; x_wconf 89' lang='lat' dir='ltr'>spoliumque</span> <span class='ocrx_word' id='word_1_86' title='bbox 1112 853 1236 892; x_wconf 91' lang='lat' dir='ltr'>leonis</span> 
     </span>
     <span class='ocr_line' id='line_1_15' title="bbox 199 911 1136 963; baseline 0 -13"><span class='ocrx_word' id='word_1_87' title='bbox 199 911 439 962; x_wconf 88' lang='lat' dir='ltr'>Conditaque</span> <span class='ocrx_word' id='word_1_88' title='bbox 470 913 509 950; x_wconf 91' lang='lat' dir='ltr'>in</span> <span class='ocrx_word' id='word_1_89' title='bbox 542 912 723 963; x_wconf 87' lang='lat' dir='ltr'>pharetra</span> <span class='ocrx_word' id='word_1_90' title='bbox 755 911 830 950; x_wconf 90' lang='lat' dir='ltr'>tela</span> <span class='ocrx_word' id='word_1_91' title='bbox 863 913 1012 951; x_wconf 85' lang='lat' dir='ltr'>minora</span> <span class='ocrx_word' id='word_1_92' title='bbox 1044 923 1136 951; x_wconf 89' lang='lat' dir='ltr'>sua.</span> 
     </span>
     <span class='ocr_line' id='line_1_16' title="bbox 141 969 1219 1022; baseline 0 -14"><span class='ocrx_word' id='word_1_93' title='bbox 141 969 204 1009; x_wconf 89' lang='lat' dir='ltr'>Sic</span> <span class='ocrx_word' id='word_1_94' title='bbox 236 970 360 1021; x_wconf 91' lang='lat' dir='ltr'>epulis</span> <span class='ocrx_word' id='word_1_95' title='bbox 392 971 517 1009; x_wconf 85' lang='lat' dir='ltr'>suncti</span> <span class='ocrx_word' id='word_1_96' title='bbox 549 971 604 1009; x_wconf 90' lang='lat' dir='ltr'>sic</span> <span class='ocrx_word' id='word_1_97' title='bbox 637 970 729 1008; x_wconf 87' lang='lat' dir='ltr'>dant</span> <span class='ocrx_word' id='word_1_98' title='bbox 760 981 829 1009; x_wconf 89' lang='lat' dir='ltr'>sua</span> <span class='ocrx_word' id='word_1_99' title='bbox 862 981 1027 1021; x_wconf 88' lang='lat' dir='ltr'>corpora</span> <span class='ocrx_word' id='word_1_100' title='bbox 1060 982 1219 1022; x_wconf 81' lang='lat' dir='ltr'>somno,</span> 
     </span>
     <span class='ocr_line' id='line_1_17' title="bbox 196 1027 954 1079; baseline 0.001 -13"><span class='ocrx_word' id='word_1_101' title='bbox 196 1027 247 1066; x_wconf 89' lang='lat' dir='ltr'>Et</span> <span class='ocrx_word' id='word_1_102' title='bbox 277 1029 414 1079; x_wconf 87' lang='lat' dir='ltr'>positis</span> <span class='ocrx_word' id='word_1_103' title='bbox 446 1030 553 1067; x_wconf 86' lang='lat' dir='ltr'>iuxta</span> <span class='ocrx_word' id='word_1_104' title='bbox 585 1028 802 1067; x_wconf 87' lang='lat' dir='ltr'>secubuere</span> <span class='ocrx_word' id='word_1_105' title='bbox 834 1030 954 1067; x_wconf 86' lang='lat' dir='ltr'>toris.</span> 
     </span>
     <span class='ocr_line' id='line_1_18' title="bbox 141 1086 1144 1139; baseline 0 -14"><span class='ocrx_word' id='word_1_106' title='bbox 141 1086 292 1138; x_wconf 88' lang='lat' dir='ltr'>Causa,</span> <span class='ocrx_word' id='word_1_107' title='bbox 324 1088 518 1137; x_wconf 85' lang='lat' dir='ltr'>repertori</span> <span class='ocrx_word' id='word_1_108' title='bbox 550 1088 638 1125; x_wconf 89' lang='lat' dir='ltr'>vitis</span> <span class='ocrx_word' id='word_1_109' title='bbox 671 1088 760 1138; x_wconf 89' lang='lat' dir='ltr'>quia</span> <span class='ocrx_word' id='word_1_110' title='bbox 792 1098 901 1125; x_wconf 90' lang='lat' dir='ltr'>sacra</span> <span class='ocrx_word' id='word_1_111' title='bbox 932 1086 1144 1139; x_wconf 83' lang='lat' dir='ltr'>parabant,</span> 
     </span>
     <span class='ocr_line' id='line_1_19' title="bbox 53 1144 1176 1197; baseline 0 -14"><span class='ocrx_word' id='word_1_112' title='bbox 53 1152 118 1183; x_wconf 84' lang='lat'>330</span> <span class='ocrx_word' id='word_1_113' title='bbox 198 1144 304 1190; x_wconf 87' lang='lat' dir='ltr'>Quae</span> <span class='ocrx_word' id='word_1_114' title='bbox 336 1145 510 1183; x_wconf 83' lang='lat' dir='ltr'>facerent</span> <span class='ocrx_word' id='word_1_115' title='bbox 540 1156 668 1197; x_wconf 86' lang='lat' dir='ltr'>pure,</span> <span class='ocrx_word' id='word_1_116' title='bbox 701 1157 790 1184; x_wconf 89' lang='lat' dir='ltr'>cum</span> <span class='ocrx_word' id='word_1_117' title='bbox 822 1145 924 1184; x_wconf 87' lang='lat' dir='ltr'>foret</span> <span class='ocrx_word' id='word_1_118' title='bbox 955 1150 1039 1184; x_wconf 83' lang='lat' dir='ltr'>orta</span> <span class='ocrx_word' id='word_1_119' title='bbox 1071 1145 1176 1184; x_wconf 89' lang='lat' dir='ltr'>dies.</span> 
     </span>
     <span class='ocr_line' id='line_1_20' title="bbox 140 1202 1248 1254; baseline 0.001 -13"><span class='ocrx_word' id='word_1_120' title='bbox 140 1202 275 1242; x_wconf 82' lang='lat' dir='ltr'>Noctis</span> <span class='ocrx_word' id='word_1_121' title='bbox 307 1208 391 1242; x_wconf 87' lang='lat' dir='ltr'>erat</span> <span class='ocrx_word' id='word_1_122' title='bbox 421 1202 621 1242; x_wconf 90' lang='lat' dir='ltr'>medium.</span> <span class='ocrx_word' id='word_1_123' title='bbox 672 1203 765 1254; x_wconf 87' lang='lat' dir='ltr'>quid</span> <span class='ocrx_word' id='word_1_124' title='bbox 797 1214 875 1241; x_wconf 93' lang='lat' dir='ltr'>non</span> <span class='ocrx_word' id='word_1_125' title='bbox 908 1214 1015 1241; x_wconf 89' lang='lat' dir='ltr'>amor</span> <span class='ocrx_word' id='word_1_126' title='bbox 1046 1202 1248 1254; x_wconf 89' lang='lat' dir='ltr'>improbus</span> 
     </span>
     <span class='ocr_line' id='line_1_21' title="bbox 863 1259 1019 1300; baseline 0 0"><span class='ocrx_word' id='word_1_127' title='bbox 863 1261 979 1300; x_wconf 88' lang='lat' dir='ltr'>audet</span> <span class='ocrx_word' id='word_1_128' title='bbox 997 1259 1019 1300; x_wconf 80' lang='lat'>⁶?</span> 
     </span>
     <span class='ocr_line' id='line_1_22' title="bbox 197 1317 1247 1371; baseline 0.001 -13"><span class='ocrx_word' id='word_1_129' title='bbox 197 1319 364 1358; x_wconf 87' lang='lat' dir='ltr'>Roscida</span> <span class='ocrx_word' id='word_1_130' title='bbox 395 1332 466 1371; x_wconf 89' lang='lat' dir='ltr'>per</span> <span class='ocrx_word' id='word_1_131' title='bbox 497 1317 679 1358; x_wconf 83' lang='lat' dir='ltr'>tenebras</span> <span class='ocrx_word' id='word_1_132' title='bbox 710 1318 868 1358; x_wconf 89' lang='lat' dir='ltr'>Faunus</span> <span class='ocrx_word' id='word_1_133' title='bbox 900 1319 946 1358; x_wconf 89' lang='lat' dir='ltr'>ad</span> <span class='ocrx_word' id='word_1_134' title='bbox 978 1324 1087 1359; x_wconf 87' lang='lat' dir='ltr'>antra</span> <span class='ocrx_word' id='word_1_135' title='bbox 1119 1321 1247 1360; x_wconf 90' lang='lat' dir='ltr'>venit.</span> 
     </span>
     <span class='ocr_line' id='line_1_23' title="bbox 139 1377 1171 1430; baseline -0.001 -13"><span class='ocrx_word' id='word_1_136' title='bbox 139 1377 266 1428; x_wconf 89' lang='lat' dir='ltr'>thue</span> <span class='ocrx_word' id='word_1_137' title='bbox 298 1377 404 1416; x_wconf 88' lang='lat' dir='ltr'>videt</span> <span class='ocrx_word' id='word_1_138' title='bbox 434 1379 596 1417; x_wconf 84' lang='lat' dir='ltr'>comites</span> <span class='ocrx_word' id='word_1_139' title='bbox 628 1389 765 1416; x_wconf 91' lang='lat' dir='ltr'>somno</span> <span class='ocrx_word' id='word_1_140' title='bbox 797 1379 965 1429; x_wconf 91' lang='lat' dir='ltr'>vinoque</span> <span class='ocrx_word' id='word_1_141' title='bbox 999 1377 1171 1430; x_wconf 78' lang='lat' dir='ltr'>solutos,</span> 
     </span>
     <span class='ocr_line' id='line_1_24' title="bbox 199 1436 1183 1487; baseline 0.001 -13"><span class='ocrx_word' id='word_1_142' title='bbox 199 1436 316 1487; x_wconf 90' lang='lat' dir='ltr'>Spem</span> <span class='ocrx_word' id='word_1_143' title='bbox 348 1438 451 1486; x_wconf 86' lang='lat' dir='ltr'>capit</span> <span class='ocrx_word' id='word_1_144' title='bbox 482 1438 521 1475; x_wconf 92' lang='lat' dir='ltr'>in</span> <span class='ocrx_word' id='word_1_145' title='bbox 554 1436 722 1474; x_wconf 89' lang='lat' dir='ltr'>dominis</span> <span class='ocrx_word' id='word_1_146' title='bbox 754 1447 840 1474; x_wconf 90' lang='lat' dir='ltr'>esse</span> <span class='ocrx_word' id='word_1_147' title='bbox 873 1437 1025 1487; x_wconf 88' lang='lat' dir='ltr'>soporis</span> <span class='ocrx_word' id='word_1_148' title='bbox 1058 1436 1183 1476; x_wconf 88' lang='lat' dir='ltr'>idem.</span> 
     </span>
     <span class='ocr_line' id='line_1_25' title="bbox 52 1493 1199 1546; baseline -0.001 -12"><span class='ocrx_word' id='word_1_149' title='bbox 52 1502 116 1534; x_wconf 87' lang='lat'>335</span> <span class='ocrx_word' id='word_1_150' title='bbox 137 1494 288 1546; x_wconf 83' lang='lat' dir='ltr'>Intrat,</span> <span class='ocrx_word' id='word_1_151' title='bbox 321 1499 360 1532; x_wconf 90' lang='lat' dir='ltr'>et</span> <span class='ocrx_word' id='word_1_152' title='bbox 390 1494 466 1533; x_wconf 89' lang='lat' dir='ltr'>huc</span> <span class='ocrx_word' id='word_1_153' title='bbox 498 1493 590 1533; x_wconf 89' lang='lat' dir='ltr'>illuc</span> <span class='ocrx_word' id='word_1_154' title='bbox 622 1496 855 1532; x_wconf 86' lang='lat' dir='ltr'>temerarius</span> <span class='ocrx_word' id='word_1_155' title='bbox 888 1500 994 1533; x_wconf 89' lang='lat' dir='ltr'>errat</span> <span class='ocrx_word' id='word_1_156' title='bbox 1025 1494 1199 1543; x_wconf 87' lang='lat' dir='ltr'>adulter,</span> 
     </span>
     <span class='ocr_line' id='line_1_26' title="bbox 195 1552 1170 1604; baseline 0.001 -13"><span class='ocrx_word' id='word_1_157' title='bbox 195 1552 245 1591; x_wconf 91' lang='lat' dir='ltr'>Et</span> <span class='ocrx_word' id='word_1_158' title='bbox 275 1552 447 1604; x_wconf 87' lang='lat' dir='ltr'>praefert</span> <span class='ocrx_word' id='word_1_159' title='bbox 478 1557 611 1592; x_wconf 89' lang='lat' dir='ltr'>cautas</span> <span class='ocrx_word' id='word_1_160' title='bbox 644 1552 977 1603; x_wconf 82' lang='lat' dir='ltr'>subsequiturque</span> <span class='ocrx_word' id='word_1_161' title='bbox 1011 1564 1170 1592; x_wconf 85' lang='lat' dir='ltr'>manus.</span> 
     </span>
     <span class='ocr_line' id='line_1_27' title="bbox 136 1609 1353 1663; baseline 0.002 -14"><span class='ocrx_word' id='word_1_162' title='bbox 136 1609 303 1650; x_wconf 88' lang='lat' dir='ltr'>Venerat</span> <span class='ocrx_word' id='word_1_163' title='bbox 334 1610 380 1650; x_wconf 88' lang='lat' dir='ltr'>ad</span> <span class='ocrx_word' id='word_1_164' title='bbox 413 1613 525 1650; x_wconf 84' lang='lat' dir='ltr'>strati</span> <span class='ocrx_word' id='word_1_165' title='bbox 557 1616 707 1662; x_wconf 87' lang='lat' dir='ltr'>captata</span> <span class='ocrx_word' id='word_1_166' title='bbox 733 1611 875 1650; x_wconf 89' lang='lat' dir='ltr'>cubilia</span> <span class='ocrx_word' id='word_1_167' title='bbox 907 1611 1021 1663; x_wconf 87' lang='lat' dir='ltr'>lecti,</span> <span class='ocrx_word' id='word_1_168' title='bbox 1294 1620 1353 1652; x_wconf 80' lang='lat'><strong>(49)</strong></span> 
     </span>
     <span class='ocr_line' id='line_1_28' title="bbox 196 1669 982 1721; baseline 0.001 -13"><span class='ocrx_word' id='word_1_169' title='bbox 196 1669 245 1708; x_wconf 90' lang='lat' dir='ltr'>Et</span> <span class='ocrx_word' id='word_1_170' title='bbox 275 1669 366 1708; x_wconf 83' lang='lat' dir='ltr'>felix</span> <span class='ocrx_word' id='word_1_171' title='bbox 398 1671 522 1721; x_wconf 88' lang='lat' dir='ltr'>prima</span> <span class='ocrx_word' id='word_1_172' title='bbox 554 1670 654 1708; x_wconf 88' lang='lat' dir='ltr'>forte</span> <span class='ocrx_word' id='word_1_173' title='bbox 687 1670 845 1709; x_wconf 89' lang='lat' dir='ltr'>futurus</span> <span class='ocrx_word' id='word_1_174' title='bbox 877 1675 982 1709; x_wconf 87' lang='lat' dir='ltr'>erat.</span> 
     </span>
     <span class='ocr_line' id='line_1_29' title="bbox 139 1727 959 1778; baseline 0 -11"><span class='ocrx_word' id='word_1_175' title='bbox 139 1727 187 1767; x_wconf 90' lang='lat' dir='ltr'>Ut</span> <span class='ocrx_word' id='word_1_176' title='bbox 217 1729 347 1778; x_wconf 85' lang='lat' dir='ltr'>tetigit</span> <span class='ocrx_word' id='word_1_177' title='bbox 378 1728 472 1767; x_wconf 88' lang='lat' dir='ltr'>fulvi</span> <span class='ocrx_word' id='word_1_178' title='bbox 503 1729 620 1767; x_wconf 84' lang='lat' dir='ltr'>saetis</span> <span class='ocrx_word' id='word_1_179' title='bbox 651 1728 803 1767; x_wconf 85' lang='lat' dir='ltr'>hirsuta</span> <span class='ocrx_word' id='word_1_180' title='bbox 834 1728 959 1767; x_wconf 89' lang='lat' dir='ltr'>leonis</span> 
     </span>
     <span class='ocr_line' id='line_1_30' title="bbox 50 1785 1116 1839; baseline 0 -14"><span class='ocrx_word' id='word_1_181' title='bbox 50 1794 117 1826; x_wconf 89' lang='lat'>340</span> <span class='ocrx_word' id='word_1_182' title='bbox 195 1785 374 1839; x_wconf 83' lang='lat' dir='ltr'>Vellera,</span> <span class='ocrx_word' id='word_1_183' title='bbox 405 1787 609 1838; x_wconf 85' lang='lat' dir='ltr'>pertimuit</span> <span class='ocrx_word' id='word_1_184' title='bbox 640 1788 904 1838; x_wconf 89' lang='lat' dir='ltr'>sustinuitque</span> <span class='ocrx_word' id='word_1_185' title='bbox 937 1798 1116 1826; x_wconf 89' lang='lat' dir='ltr'>manum.</span> 
     </span>
     <span class='ocr_line' id='line_1_31' title="bbox 139 1844 1125 1897; baseline -0.001 -13"><span class='ocrx_word' id='word_1_186' title='bbox 139 1844 432 1896; x_wconf 82' lang='lat' dir='ltr'>[Attonitusque</span> <span class='ocrx_word' id='word_1_187' title='bbox 465 1850 573 1884; x_wconf 89' lang='lat' dir='ltr'>metu</span> <span class='ocrx_word' id='word_1_188' title='bbox 603 1844 748 1897; x_wconf 88' lang='lat' dir='ltr'>rediit,</span> <span class='ocrx_word' id='word_1_189' title='bbox 780 1850 825 1884; x_wconf 87' lang='lat' dir='ltr'>ut</span> <span class='ocrx_word' id='word_1_190' title='bbox 855 1857 970 1896; x_wconf 87' lang='lat' dir='ltr'>saepe</span> <span class='ocrx_word' id='word_1_191' title='bbox 1002 1846 1125 1884; x_wconf 78' lang='lat' dir='ltr'>vlator</span> 
     </span>
     <span class='ocr_line' id='line_1_32' title="bbox 195 1902 1080 1954; baseline 0.001 -13"><span class='ocrx_word' id='word_1_192' title='bbox 195 1902 412 1942; x_wconf 89' lang='lat' dir='ltr'>Turbatum</span> <span class='ocrx_word' id='word_1_193' title='bbox 444 1904 525 1943; x_wconf 92' lang='lat' dir='ltr'>viso</span> <span class='ocrx_word' id='word_1_194' title='bbox 558 1902 710 1942; x_wconf 87' lang='lat' dir='ltr'>rettulit</span> <span class='ocrx_word' id='word_1_195' title='bbox 742 1914 866 1954; x_wconf 84' lang='lat' dir='ltr'>angue</span> <span class='ocrx_word' id='word_1_196' title='bbox 898 1902 1038 1954; x_wconf 87' lang='lat' dir='ltr'>pedem</span> <span class='ocrx_word' id='word_1_197' title='bbox 1053 1902 1080 1953; x_wconf 95' lang='lat'>.]</span> 
     </span>
     <span class='ocr_line' id='line_1_33' title="bbox 136 1961 1176 2015; baseline -0.001 -14"><span class='ocrx_word' id='word_1_198' title='bbox 136 1961 228 2001; x_wconf 88' lang='lat' dir='ltr'>Inde</span> <span class='ocrx_word' id='word_1_199' title='bbox 260 1963 366 2015; x_wconf 83' lang='lat' dir='ltr'>tori,</span> <span class='ocrx_word' id='word_1_200' title='bbox 401 1963 469 2013; x_wconf 89' lang='lat' dir='ltr'>qui</span> <span class='ocrx_word' id='word_1_201' title='bbox 499 1963 658 2000; x_wconf 90' lang='lat' dir='ltr'>iunctus</span> <span class='ocrx_word' id='word_1_202' title='bbox 691 1967 774 2000; x_wconf 86' lang='lat' dir='ltr'>erat</span> <span class='ocrx_word' id='word_1_203' title='bbox 792 1993 802 2012; x_wconf 90' lang='lat'><em>,</em></span> <span class='ocrx_word' id='word_1_204' title='bbox 834 1961 1022 2000; x_wconf 89' lang='lat' dir='ltr'>velamina</span> <span class='ocrx_word' id='word_1_205' title='bbox 1053 1962 1176 2012; x_wconf 83' lang='lat' dir='ltr'>tangit</span> 
     </span>
     <span class='ocr_line' id='line_1_34' title="bbox 193 2019 1010 2073; baseline 0 -15"><span class='ocrx_word' id='word_1_206' title='bbox 193 2019 321 2059; x_wconf 91' lang='lat' dir='ltr'>Mollia</span> <span class='ocrx_word' id='word_1_207' title='bbox 339 2051 351 2073; x_wconf 84' lang='lat'><em>‚</em></span> <span class='ocrx_word' id='word_1_208' title='bbox 382 2020 559 2059; x_wconf 89' lang='lat' dir='ltr'>mendaci</span> <span class='ocrx_word' id='word_1_209' title='bbox 591 2020 862 2071; x_wconf 87' lang='lat' dir='ltr'>decipiturque</span> <span class='ocrx_word' id='word_1_210' title='bbox 895 2025 1010 2059; x_wconf 88' lang='lat' dir='ltr'>nota.</span> 
     </span>
     <span class='ocr_line' id='line_1_35' title="bbox 50 2077 1175 2131; baseline 0 -14"><span class='ocrx_word' id='word_1_211' title='bbox 50 2085 116 2118; x_wconf 83' lang='lat'>345</span> <span class='ocrx_word' id='word_1_212' title='bbox 135 2077 350 2131; x_wconf 83' lang='lat' dir='ltr'>Ascendit,</span> <span class='ocrx_word' id='word_1_213' title='bbox 381 2078 606 2130; x_wconf 88' lang='lat' dir='ltr'>spondaque</span> <span class='ocrx_word' id='word_1_214' title='bbox 639 2078 713 2118; x_wconf 89' lang='lat' dir='ltr'>sibi</span> <span class='ocrx_word' id='word_1_215' title='bbox 744 2079 927 2130; x_wconf 87' lang='lat' dir='ltr'>propiore</span> <span class='ocrx_word' id='word_1_216' title='bbox 958 2077 1175 2130; x_wconf 82' lang='lat' dir='ltr'>recumbit,</span> 
     </span>
     <span class='ocr_line' id='line_1_36' title="bbox 194 2136 1111 2188; baseline -0.001 -12"><span class='ocrx_word' id='word_1_217' title='bbox 194 2136 244 2176; x_wconf 89' lang='lat' dir='ltr'>Et</span> <span class='ocrx_word' id='word_1_218' title='bbox 274 2137 468 2176; x_wconf 86' lang='lat' dir='ltr'>tumidum</span> <span class='ocrx_word' id='word_1_219' title='bbox 500 2149 623 2176; x_wconf 91' lang='lat' dir='ltr'>cornu</span> <span class='ocrx_word' id='word_1_220' title='bbox 656 2137 793 2176; x_wconf 89' lang='lat' dir='ltr'>durius</span> <span class='ocrx_word' id='word_1_221' title='bbox 824 2138 970 2188; x_wconf 82' lang='lat' dir='ltr'>inguen</span> <span class='ocrx_word' id='word_1_222' title='bbox 1002 2142 1111 2176; x_wconf 87' lang='lat' dir='ltr'>erat.</span> 
     </span>
     <span class='ocr_line' id='line_1_37' title="bbox 136 2194 997 2235; baseline -0.001 -1"><span class='ocrx_word' id='word_1_223' title='bbox 136 2195 290 2235; x_wconf 86' lang='lat' dir='ltr'>Interea</span> <span class='ocrx_word' id='word_1_224' title='bbox 322 2196 472 2235; x_wconf 87' lang='lat' dir='ltr'>tunicas</span> <span class='ocrx_word' id='word_1_225' title='bbox 505 2207 573 2234; x_wconf 89' lang='lat' dir='ltr'>ora</span> <span class='ocrx_word' id='word_1_226' title='bbox 605 2195 788 2235; x_wconf 87' lang='lat' dir='ltr'>subducit</span> <span class='ocrx_word' id='word_1_227' title='bbox 820 2194 866 2233; x_wconf 89' lang='lat' dir='ltr'>ab</span> <span class='ocrx_word' id='word_1_228' title='bbox 898 2196 997 2234; x_wconf 88' lang='lat' dir='ltr'>ima:</span> 
     </span>
     <span class='ocr_line' id='line_1_38' title="bbox 194 2253 1034 2306; baseline 0.001 -14"><span class='ocrx_word' id='word_1_229' title='bbox 194 2253 416 2294; x_wconf 87' lang='lat' dir='ltr'>Horrebant</span> <span class='ocrx_word' id='word_1_230' title='bbox 447 2254 578 2294; x_wconf 88' lang='lat' dir='ltr'>densis</span> <span class='ocrx_word' id='word_1_231' title='bbox 610 2266 747 2306; x_wconf 88' lang='lat' dir='ltr'>aspera</span> <span class='ocrx_word' id='word_1_232' title='bbox 778 2265 893 2293; x_wconf 84' lang='lat' dir='ltr'>crura</span> <span class='ocrx_word' id='word_1_233' title='bbox 924 2253 1034 2305; x_wconf 82' lang='lat' dir='ltr'>pilis,</span> 
     </span>
     <span class='ocr_line' id='line_1_39' title="bbox 1072 2316 1141 2354; baseline 0.014 -1"><span class='ocrx_word' id='word_1_234' title='bbox 1072 2316 1141 2354; x_wconf 70' lang='lat'>16*</span> 
     </span>
    </p>
   </div>
  </div>
 </body>
</html>
