1575 2489
566 39 628 71 VI.
656 40 852 71 ιρι-194.
1291 37 1372 78 337

218 149 394 198 Extaque
427 147 474 186 de
506 158 625 198 porca
658 145 778 184 cruda
810 145 1024 184 bimenstre
1057 151 1186 197 tenet,

159 208 287 258 Atque
319 208 372 245 ita
406 202 554 244 ‘noctis
585 216 674 243 aves
693 234 704 256 ‚
738 206 836 243 extis
869 201 1109 255 puerilibus'
1143 206 1271 256 inquit

77 275 141 307 160
221 263 426 304 ‘Parcite:
471 276 542 314 pro
575 274 693 314 parvo
724 264 880 301 victima
911 275 1027 314 parva
1060 262 1183 302 cadit.

160 324 236 363 Cor
267 335 338 374 pro
371 322 489 361 corde
508 354 519 374 ‚
550 333 721 373 precor,
754 333 825 372 pro
857 320 967 360 fibris
1000 323 1140 360 sumite
1173 321 1318 360 fibras.

218 381 325 420 Hanc
358 382 524 419 animam
556 379 665 418 vobis
696 391 768 431 pro
800 379 961 418 meliore
994 377 1176 419 damus?

163 440 227 479 Sic
259 439 327 478 ubi
358 438 522 490 libavit,
553 431 734 489 prosecta
766 437 838 476 sub
872 438 1029 477 aethere
1062 439 1196 490 ponit,

221 498 375 548 Quique
408 497 536 536 adsint
568 498 689 535 sacris
709 528 719 548 ,
751 497 949 547 respicere
981 496 1045 535 illa
1076 502 1203 536 vetat:

75 565 140 597 165
163 556 358 607 Virgaque
391 555 529 594 Ianalis
562 555 609 594 de
642 556 752 606 spina
783 556 943 606 ponitur
975 554 1081 607 alba,

223 614 306 660 Qua
338 614 471 652 lumen
503 613 681 652 thalamis
713 625 829 664 parva
862 614 1032 652 fenestra
1065 612 1202 652 dabat.

165 673 257 712 Post
289 672 384 711 illud
417 684 490 711 nec
523 684 610 711 aves
644 684 764 711 cunas
797 671 959 710 violasse
991 672 1197 724 feruntur,

222 731 271 770 Et
303 731 420 769 rediit
450 743 603 783 puero,
636 732 703 781 qui
735 731 809 768 fuit
840 736 928 768 ante
947 761 957 778 ,
990 730 1120 769 color.

165 790 329 840 Pinguia
362 801 432 828 cur
464 788 541 827 illis
573 794 782 840 gustentur
813 788 920 826 larda
951 788 1157 839 Kalendis,

79 857 144 888 170
225 848 420 899 Mixtaque
453 860 543 886 eum
576 846 699 885 calido
732 847 783 885 sit
815 845 901 884 faba
932 846 1065 898 farre,
1097 844 1246 897 rogas?

163 906 295 945 Prisca
328 906 399 945 dea
432 911 519 956 est,
551 905 746 955 aliturque
779 903 875 943 cibis
908 904 1052 955 quibus
1085 911 1173 944 ante
1207 904 1375 957 solebat,

225 964 306 1002 Nec
337 965 435 1014 petit
466 964 607 1002 ascitas
638 963 838 1002 luxuriosa
871 962 1011 1014 dapes.

164 1022 288 1061 Piscis
321 1022 447 1061 adhuc
479 1022 534 1060 illi
565 1021 708 1073 populo
743 1023 826 1060 sine
859 1021 994 1060 fraude
1027 1021 1206 1074 natabat,

224 1080 445 1130 Ostreaque
477 1082 517 1118 in
551 1080 710 1118 conchis
742 1085 825 1118 tuta
858 1080 967 1118 suere
1001 1081 1105 1118 suis.

79 1147 144 1178 175
166 1138 246 1177 Nec
279 1138 431 1177 Latium
464 1143 605 1190 norat,
639 1150 753 1189 quam
786 1138 948 1189 praebet
979 1138 1085 1177 Ionia
1117 1138 1248 1190 dives,

221 1196 301 1235 Nec
334 1208 433 1247 quae
465 1196 656 1247 Pygmaeo
690 1198 877 1246 sanguine
910 1196 1080 1247 gaudet,
1114 1209 1246 1249 avem3

163 1254 213 1294 Et
243 1260 402 1306 praeter
432 1256 572 1306 pinnas
605 1255 700 1293 nihil
732 1257 771 1293 in
805 1267 953 1305 pavone
987 1255 1186 1306 placebat.

222 1312 303 1352 Nec
335 1313 450 1353 tellus
484 1319 614 1364 captas
646 1315 807 1352 miserat
838 1318 927 1352 ante
959 1314 1086 1352 seras.

167 1371 242 1410 Sus
275 1377 359 1411 erat
388 1373 429 1410 in
461 1373 617 1424 preti0,
651 1384 762 1410 caesa
794 1384 863 1410 sue
896 1373 993 1411 festa
1026 1372 1227 1413 colebant.

78 1438 143 1469 180
223 1429 344 1469 Terra
376 1429 482 1469 sabas
515 1435 667 1469 tantum
700 1430 875 1481 duraque
908 1431 1010 1469 farra
1043 1431 1180 1470 dabat.

165 1488 272 1533 Quae
307 1489 384 1527 duo
416 1490 534 1527 mixta
567 1488 683 1527 simul
716 1490 835 1528 sextis
869 1491 1107 1540 quicumque
1140 1489 1322 1529 Kalendis

221 1546 385 1598 Ederit‚
416 1546 508 1585 huic
541 1546 639 1585 laedi
674 1548 821 1586 viscera
852 1560 968 1598 posse
1000 1554 1169 1598 negant.

164 1605 263 1643 Arre
297 1617 453 1656 quoque
486 1606 525 1643 in
559 1617 709 1644 summa
740 1605 881 1644 Iunoni
913 1606 1055 1656 templa
1088 1606 1264 1646 Monetae

222 1663 279 1701 Ex
313 1670 400 1702 voto
433 1669 652 1702 memorant
683 1664 783 1703 facta
803 1695 813 1715 ,
847 1663 1003 1703 Camille
1023 1695 1034 1716 ,
1066 1671 1157 1704 tuo.

78 1729 143 1760 185
164 1722 262 1760 Ante
296 1721 434 1760 domus
466 1721 583 1760 Manli
615 1724 769 1774 fuerat,
803 1724 869 1773 qui
902 1722 1046 1762 Gallica
1078 1723 1273 1774 quondam

221 1781 250 1817 A
284 1779 499 1830 Capitolino
532 1780 704 1831 reppulit
735 1793 839 1819 arma
872 1780 985 1820 Iove.

163 1838 285 1884 Quam
318 1838 417 1877 bene
437 1870 448 1890 ,
480 1838 519 1877 di
550 1838 707 1889 magni!
751 1852 881 1890 pugna
913 1840 1122 1879 cecidisset
1152 1842 1192 1879 in
1224 1841 1314 1893 illa,

221 1896 413 1935 Defensor
445 1897 560 1947 solii,
593 1897 768 1948 Iuppiter
800 1898 904 1950 alte,
936 1898 1016 1937 tui!

161 1954 291 2007 Vixit,
324 1962 367 1994 ut
399 1956 597 1995 occideret
628 1956 832 1995 damnatus
865 1958 1028 1996 crimine
1060 1959 1195 2009 regni.

74 2021 140 2052 190
219 2013 332 2052 Hunc
364 2013 421 2052 illi
452 2014 608 2054 titulum
640 2013 753 2065 longa
787 2022 944 2055 senecta
976 2016 1111 2055 dabat.

160 2071 242 2110 Lux
276 2072 409 2111 eadem
441 2072 555 2112 Marti
587 2074 683 2112 festa
718 2080 799 2126 est,
832 2086 948 2125 quem
979 2076 1170 2127 prospicit
1202 2082 1309 2116 extra

220 2131 451 2182 Appositum
483 2131 624 2171 Tectae
657 2138 770 2183 porta
803 2132 955 2184 Capena
990 2135 1094 2173 viae.

160 2188 213 2227 Te
247 2202 432 2242 quoque,
465 2190 723 2242 Tempestas,
756 2193 933 2231 meritam
967 2192 1128 2231 delubra
1161 2193 1350 2245 fatemur,

219 2247 314 2286 Cum
347 2260 468 2300 paene
502 2255 562 2289 est
594 2249 726 2288 Corsis
759 2250 898 2290 obruta
931 2251 1067 2290 classis
1099 2253 1233 2302 aquis.

111 2318 217 2346 ovm.
249 2320 306 2346 111.
1122 2321 1165 2351 22
