1575 2489
155 94 243 135 138
701 97 765 128 Ex
789 96 945 129 Pom-To

760 225 886 272 VIII.

274 319 306 357 A
339 318 411 357 tibi
442 318 584 357 dilecto
616 319 774 357 missam
805 318 956 358 Nasone
990 319 1153 358 salutem

334 378 477 427 Accipe
496 407 506 427 ,
538 388 628 427 pars
660 378 808 415 animae
839 389 1005 428 magna,
1038 377 1180 416 Severe
1199 408 1209 427 ,
1242 389 1373 416 meae.

275 434 381 472 Neve
412 446 531 486 roga,
564 434 656 484 quid
683 446 813 484 agam.
865 437 897 473 si
928 447 1142 486 persequar
1169 437 1323 488 omnia,
1354 435 1490 475 ssebis:

336 492 495 531 Summa
527 494 619 530 satis
651 494 776 531 nostri
807 493 840 531 si
872 492 942 531 tibi
974 500 1065 532 nota
1097 493 1208 532 mali.

235 558 256 589 5
277 550 449 589 Vivimus
481 550 648 589 assiduis
680 556 860 601 expertes
891 553 997 601 pacis
1029 553 1068 590 in
1101 553 1241 604 armis,

335 608 439 647 Dura
470 608 693 659 pharetrato
726 608 826 647 bella
857 615 1036 648 movente
1068 609 1184 648 Geta.

276 667 410 717 Deque
444 672 501 705 tot
533 666 705 717 expulsis
737 679 823 705 sum
854 667 965 705 miles
998 669 1038 705 in
1071 667 1182 705 exule
1215 666 1344 706 solus:

336 725 436 763 Tuta
455 756 466 776 ,
498 737 625 775 neque
656 725 809 764 invideo
828 755 840 776 ,
872 730 1002 763 cetera
1035 724 1150 763 turba
1181 724 1297 764 latet.

278 783 440 833 Quoque
475 785 596 833 magis
627 790 782 822 nostros
814 785 925 821 venia
957 783 1116 833 dignere
1148 782 1322 835 libellos,

210 849 257 879 10
336 841 440 879 Haec
472 843 512 879 in
545 843 750 892 procinctu
783 843 953 880 carmina
985 842 1085 880 facta
1115 840 1244 892 leges.

279 899 363 937 Stat
394 904 505 938 vetus
536 899 632 938 urbs
651 930 661 950 ,
693 901 800 950 ripae
832 901 955 938 vicina
987 899 1197 937 binominis
1229 898 1375 952 Histri,

335 957 539 996 Moenibus
572 962 610 996 et
641 959 771 1008 positu
803 959 864 996 vix
897 957 1071 996 adeunda
1104 957 1200 996 loci.

280 1015 439 1065 Caspios
472 1016 662 1067 Aegisos,
695 1016 742 1054 de
775 1027 815 1054 se
848 1017 882 1054 si
908 1016 1102 1054 credimus
1134 1016 1252 1066 ipsis,

337 1073 546 1124 Condidit,
580 1080 618 1112 et
650 1075 807 1124 proprio
840 1075 996 1112 nomine
1028 1073 1123 1111 dixit
1155 1085 1275 1124 opus.

214 1139 258 1170 15
280 1131 385 1170 Hanc
418 1132 554 1183 serus,
588 1131 762 1182 Odrysiis
794 1133 952 1182 inopino
984 1131 1105 1169 Marte
1138 1132 1376 1183 peremptis,

338 1189 477 1240 Cepit,
511 1195 549 1228 et
580 1191 618 1228 in
651 1201 784 1239 regem
816 1189 974 1228 sustulit
1006 1201 1111 1227 arma
1143 1188 1283 1227 Getes.

278 1247 344 1285 Hie
377 1259 526 1286 memor
558 1249 686 1298 magni
718 1249 872 1297 generis
891 1278 901 1298 ,
933 1248 1075 1286 virtute
1108 1246 1210 1297 quod
1244 1252 1384 1299 auget,

338 1305 524 1344 Protinus
556 1308 762 1344 innumero
795 1305 917 1344 milite
950 1307 1102 1344 cinctus
1135 1305 1265 1344 adest.

279 1364 359 1402 Nec
391 1365 501 1414 prius
535 1363 751 1415 abscessit,
789 1365 927 1402 merita
960 1375 1074 1414 quam
1107 1364 1222 1402 caede
1256 1369 1467 1403 nocentum

279 1482 329 1518 At
361 1480 460 1531 tibi,
493 1492 562 1519 rex
593 1492 686 1519 aevo
705 1511 715 1531 ,
748 1479 861 1518 detur
881 1511 890 1527 ,
924 1480 1133 1518 fortissime
1166 1485 1325 1530 nostro,
1440 1488 1497 1520 (28)

340 1538 502 1589 Semper
533 1539 721 1577 honorata
753 1543 907 1589 sceptra
938 1544 1072 1576 tenere
1107 1549 1245 1576 manu.

280 1596 437 1648 Teque,
465 1597 568 1647 quod
595 1602 633 1635 et
658 1602 813 1648 praesto
841 1602 900 1635 est
927 1618 970 1623 —
997 1596 1087 1647 quid
1116 1597 1220 1634 enim
1246 1594 1317 1634 tibi
1343 1594 1498 1646 plenius

1006 1651 1170 1705 optem?
1201 1675 1248 1680 —

340 1713 475 1752 Martia
508 1724 595 1751 cum
628 1724 766 1763 magno
799 1712 962 1751 Caesare
995 1712 1115 1750 Roma
1146 1711 1309 1763 probet.

214 1780 261 1810 25
283 1771 359 1810 Sed
391 1783 538 1809 memor
571 1770 673 1809 unde
706 1770 810 1822 abii,
844 1783 1016 1822 queror,
1049 1783 1070 1808 o
1103 1770 1270 1809 iocunde
1303 1769 1469 1822 sodalis,

341 1829 537 1868 Accedant
569 1830 713 1867 nostris
746 1841 856 1867 saeva
889 1829 991 1879 quod
1025 1840 1130 1867 arma
1161 1828 1294 1867 malis,

282 1887 332 1926 Ut
363 1900 475 1926 careo
508 1886 644 1939 vobis,
678 1887 876 1938 Scythicas
909 1887 1093 1926 detrusus
1124 1888 1165 1924 in
1196 1898 1307 1938 oras,

342 1946 536 1991 Quattuor
568 1950 774 1984 autumnos
806 1945 931 1983 Pleias
964 1951 1047 1984 orta
1079 1945 1192 1983 facit.

283 2004 363 2043 Nec
395 2010 437 2043 tu
471 2003 685 2042 credideris
716 2003 887 2042 urbanae
921 2003 1120 2042 commoda
1151 2004 1252 2041 vitae

217 2072 263 2101 30
344 2062 541 2108 Quaerere
573 2061 789 2100 Nasonem:
822 2063 975 2112 quaerit
1008 2067 1046 2100 et
1076 2061 1139 2099 illa
1170 2066 1322 2099 tamen.

282 2120 379 2158 Nam
411 2120 524 2159 modo
557 2132 624 2158 vos
656 2122 782 2158 animo
815 2119 948 2158 dulces
982 2120 1212 2158 reminiscor
1244 2120 1382 2170 amici,

344 2178 456 2217 Nunc
489 2178 582 2217 mihi
615 2190 703 2217 cum
736 2190 824 2216 cara
857 2180 1019 2228 coniuge
1053 2185 1142 2216 nata
1173 2177 1301 2216 subit:

284 2238 393 2288 Aque
428 2237 541 2275 domo
574 2248 713 2275 rursus
744 2235 930 2287 pulchrae
962 2235 1047 2274 loca
1078 2241 1209 2274 vertor
1241 2235 1287 2273 ad
1319 2234 1462 2286 Urbis,

345 2295 570 2346 Cunctaque
605 2307 715 2333 mens
748 2294 871 2333 oculis
902 2293 1079 2345 pervidet
1110 2305 1180 2332 usa
1212 2294 1317 2332 suis.
