1601 2484
592 87 637 119 11.
666 88 862 120 358—431.
1338 83 1393 125 33

92 201 158 232 395
180 193 254 238 Qui
285 194 380 244 legis
412 193 594 232 Electran
628 199 666 232 et
699 200 878 244 egentem
910 194 1051 232 mentis
1083 192 1287 244 Orestem,

179 252 353 302 Aegisthi
384 253 533 291 crimen
565 251 885 302 Tyndaridosque
917 251 1035 303 legis.

179 309 280 348 Num
312 310 404 361 quid
436 310 483 348 de
515 311 655 348 tetrico
687 311 855 348 referam
886 309 1075 348 domitore
1110 308 1358 360 Chimaerae,

181 367 304 413 Quem
337 367 414 406 leto
447 367 559 406 fallax
590 367 743 418 hospita
773 380 896 419 paene
930 366 1066 406 dedit?

180 425 280 470 Quid
311 425 448 477 loquar
476 425 743 478 Hermionen,
782 427 874 477 quid
906 431 973 478 te,
1018 425 1231 464 Schoeneia
1263 426 1394 476 virgo,

92 491 160 522 400
180 483 313 533 Teque
332 515 343 535 ,
374 484 581 534 Mycenaeo
613 484 790 523 Phoebas
823 489 946 522 amata
978 481 1102 522 duci?

181 541 281 586 Quid
312 541 468 580 Danaen
499 541 727 592 Danaesque
759 555 902 581 nurum
935 548 1177 591 matremque
1210 540 1325 591 Lyaei
1351 553 1355 555 “

181 598 455 651 Haemonaque
488 606 527 639 et
557 606 693 639 noctes
725 602 789 639 cui
821 602 949 639 coiere
982 597 1115 637 duae?

181 657 282 703 Quid
306 658 435 697 Peliae
461 671 674 710 generum,
707 659 798 709 quid
819 658 990 709 Thesea,
1019 659 1164 707 quique
1191 656 1396 708 Pelasgum

180 715 334 754 Iliacam
367 718 496 768 tetigit
526 717 573 755 de
605 722 687 755 rate
720 718 869 767 primus
901 713 1098 754 humum?

92 782 159 812 405
180 773 264 813 Huc
296 773 373 812 Iole
406 774 623 826 Pyrrhique
655 786 796 825 parens
815 806 825 826 ,
858 774 934 812 huc
966 773 1146 811 Herculis
1179 785 1301 825 uxor,

181 831 266 870 Huc
297 833 455 872 accedat
486 832 601 884 Hylas
632 832 849 883 Iliacusque
882 844 1002 883 puer.

181 891 372 941 Tempore
405 890 563 930 deficiar
580 922 591 942 ,
623 892 791 941 tragicos
824 892 856 928 si
887 901 1103 941 persequar
1135 891 1268 941 ignes,

180 948 328 999 Vixque
360 961 471 987 meus
504 951 630 1000 capiet
661 950 817 987 nomina
849 948 952 986 nuda
984 947 1107 986 liber.

180 1006 250 1045 Est
281 1012 320 1045 et
350 1009 388 1045 in
421 1006 612 1046 obscenos
645 1007 792 1045 deflexa
824 1006 1021 1057 tragoedia
1053 1007 1179 1057 risus,

93 1071 161 1104 410
181 1064 378 1116 Multaque
410 1067 612 1116 praeteriti
645 1065 760 1104 verba
792 1065 954 1116 pudoris
986 1064 1127 1103 habet.

180 1123 260 1161 Nec
292 1129 407 1162 nocet
439 1125 618 1176 auctori,
651 1123 805 1162 mollem
839 1125 905 1174 qui
937 1124 1029 1161 fecit
1061 1121 1272 1174 Achillem,

180 1181 389 1232 Insregisse
423 1183 504 1220 suis
536 1183 650 1220 fortia
682 1183 782 1220 sacta
813 1181 961 1220 modis.

181 1239 311 1278 Iunxit
342 1239 532 1278 Aristides
563 1239 711 1278 Milesia
742 1241 904 1279 crimina
936 1251 1093 1291 secum,

182 1297 323 1336 Pulsus
356 1298 545 1336 Aristides
578 1309 650 1336 nec
682 1304 812 1336 tamen
843 1297 942 1336 urbe
974 1310 1043 1336 sua
1075 1302 1157 1336 est.

93 1362 161 1393 415
182 1356 261 1394 Nec
293 1358 360 1406 qui
392 1356 601 1407 descripsit
631 1357 833 1407 corrumpi
864 1357 1011 1395 semina
1043 1362 1233 1407 matrum,

181 1413 330 1453 Eubius
348 1445 359 1465 ,
390 1415 566 1464 impurae
599 1415 778 1452 conditor
808 1414 993 1453 historiae
1013 1445 1024 1466 ,

180 1472 260 1510 Nec
292 1473 359 1523 qui
391 1473 610 1523 composuit
640 1484 767 1523 nuper
800 1472 1042 1523 Sybaritica,
1076 1473 1197 1523 sugit,

181 1530 260 1568 Nec
293 1531 360 1581 qui
392 1530 623 1569 concubitus
655 1542 734 1569 non
766 1536 925 1569 tacuere
958 1542 1073 1569 suos.

182 1589 359 1639 Suntque
392 1601 436 1627 ea
467 1588 674 1627 doctorum
704 1591 968 1628 monumentis
1001 1589 1103 1627 salva
1135 1589 1332 1640 vlrorum,

93 1653 161 1685 420
182 1646 488 1698 Muneribusque
520 1647 664 1686 ducum
696 1647 849 1698 publica
883 1649 981 1686 facta
1012 1652 1169 1698 patent.

181 1705 285 1744 Neve
316 1707 535 1756 peregrinis
567 1710 719 1744 tantum
751 1705 936 1744 defendar
968 1705 1014 1744 ab
1047 1706 1189 1744 armis:

182 1763 231 1802 Et
262 1763 459 1802 Romanus
491 1763 607 1802 habet
638 1764 757 1802 multa
789 1765 919 1803 iocosa
950 1764 1071 1802 liber.

182 1821 308 1872 thue
341 1834 411 1860 suo
443 1821 607 1860 Martem
638 1823 781 1861 cecinit
811 1824 938 1873 gravis
970 1822 1120 1860 Ennius
1153 1834 1245 1873 ore,

182 1879 331 1918 Ennius
363 1881 519 1930 ingenio
552 1881 772 1932 maximus,
805 1886 887 1919 arte
920 1880 1053 1932 rudis,

93 1945 160 1977 425
181 1938 357 1989 Explicat
388 1944 432 1976 ut
464 1950 600 1977 causas
631 1939 756 1989 rapidi
787 1938 995 1978 Lucretius
1028 1940 1152 1990 ignis,

182 1997 450 2047 Casurumque
484 1996 625 2048 triplex
656 1999 888 2036 vaticinatur
919 2009 1041 2048 opus,

182 2055 246 2093 Sic
277 2067 347 2094 sua
377 2055 518 2094 lascivo
551 2061 702 2094 cantata
734 2062 793 2095 est
825 2067 939 2107 saepe
972 2054 1120 2094 Catullo

181 2113 368 2165 Femina,
400 2115 463 2152 cui
495 2113 634 2152 falsum
666 2113 803 2152 Lesbia
835 2126 978 2152 nomen
1011 2119 1116 2164 erat3

181 2171 260 2210 Nec
293 2177 500 2211 contentus
534 2184 577 2210 ea
609 2171 752 2211 multos
783 2172 952 2223 vulgavit
983 2183 1158 2223 amores,

93 2229 223 2268 4301n
258 2229 398 2280 quibus
430 2232 513 2281 ipse
546 2243 658 2269 suum
693 2231 819 2269 fassus
852 2230 1085 2268 adulterium
1119 2237 1202 2269 est.

180 2288 256 2326 Par
287 2289 361 2327 fuit
393 2290 521 2339 exigui
554 2288 768 2339 similisque
801 2289 956 2327 licentia
989 2287 1116 2340 Calvi,

135 2359 242 2385 ovm.
279 2360 336 2386 111.
1164 2357 1185 2387 3
