<?xml version="1.0" encoding="UTF-8"?>
<!DOCTYPE html PUBLIC "-//W3C//DTD XHTML 1.0 Transitional//EN"
    "http://www.w3.org/TR/xhtml1/DTD/xhtml1-transitional.dtd">
<html xmlns="http://www.w3.org/1999/xhtml" xml:lang="en" lang="en">
 <head>
  <title>
</title>
<meta http-equiv="Content-Type" content="text/html;charset=utf-8" />
  <meta name='ocr-system' content='tesseract 3.04.00' />
  <meta name='ocr-capabilities' content='ocr_page ocr_carea ocr_par ocr_line ocrx_word'/>
</head>
<body>
  <div class='ocr_page' id='page_1' title='image "./operaovid01oviduoft_0102.png"; bbox 0 0 1601 2484; ppageno 0'>
   <div class='ocr_carea' id='block_1_1' title="bbox 172 33 945 74">
    <p class='ocr_par' dir='ltr' id='par_1_1' title="bbox 172 33 945 74">
     <span class='ocr_line' id='line_1_1' title="bbox 172 33 945 74; baseline 0.005 -12"><span class='ocrx_word' id='word_1_1' title='bbox 172 33 229 74; x_wconf 80' lang='lat'>54</span> <span class='ocrx_word' id='word_1_2' title='bbox 720 34 945 66; x_wconf 81' lang='lat' dir='ltr'>TRISTIUM</span> 
     </span>
    </p>
   </div>
   <div class='ocr_carea' id='block_1_2' title="bbox 225 141 1509 1880">
    <p class='ocr_par' dir='ltr' id='par_1_2' title="bbox 225 141 1309 425">
     <span class='ocr_line' id='line_1_2' title="bbox 225 141 1234 192; baseline -0.001 -11"><span class='ocrx_word' id='word_1_3' title='bbox 225 150 268 181; x_wconf 90' lang='lat'>50</span> <span class='ocrx_word' id='word_1_4' title='bbox 290 142 364 180; x_wconf 87' lang='lat' dir='ltr'>Sed</span> <span class='ocrx_word' id='word_1_5' title='bbox 397 154 487 192; x_wconf 81' lang='lat' dir='ltr'>pars</span> <span class='ocrx_word' id='word_1_6' title='bbox 520 154 565 179; x_wconf 84' lang='lat' dir='ltr'>ex</span> <span class='ocrx_word' id='word_1_7' title='bbox 597 141 672 179; x_wconf 88' lang='lat' dir='ltr'>illis</span> <span class='ocrx_word' id='word_1_8' title='bbox 704 147 798 179; x_wconf 88' lang='lat' dir='ltr'>tunc</span> <span class='ocrx_word' id='word_1_9' title='bbox 831 153 986 192; x_wconf 91' lang='lat' dir='ltr'>quoque</span> <span class='ocrx_word' id='word_1_10' title='bbox 1018 143 1100 180; x_wconf 89' lang='lat' dir='ltr'>viva</span> <span class='ocrx_word' id='word_1_11' title='bbox 1132 142 1206 180; x_wconf 85' lang='lat' dir='ltr'>suit</span> <span class='ocrx_word' id='word_1_12' title='bbox 1226 173 1234 180; x_wconf 92' lang='lat'><em>.</em></span> 
     </span>
     <span class='ocr_line' id='line_1_3' title="bbox 290 199 1299 251; baseline 0 -13"><span class='ocrx_word' id='word_1_13' title='bbox 290 200 376 238; x_wconf 88' lang='lat' dir='ltr'>Sive</span> <span class='ocrx_word' id='word_1_14' title='bbox 409 201 528 250; x_wconf 84' lang='lat' dir='ltr'>igitur</span> <span class='ocrx_word' id='word_1_15' title='bbox 560 200 670 236; x_wconf 89' lang='lat' dir='ltr'>nimii</span> <span class='ocrx_word' id='word_1_16' title='bbox 701 199 842 237; x_wconf 87' lang='lat' dir='ltr'>boreae</span> <span class='ocrx_word' id='word_1_17' title='bbox 875 201 931 237; x_wconf 87' lang='lat' dir='ltr'>vis</span> <span class='ocrx_word' id='word_1_18' title='bbox 964 211 1075 238; x_wconf 90' lang='lat' dir='ltr'>saeva</span> <span class='ocrx_word' id='word_1_19' title='bbox 1106 201 1299 251; x_wconf 86' lang='lat' dir='ltr'>marinas,</span> 
     </span>
     <span class='ocr_line' id='line_1_4' title="bbox 290 257 1143 309; baseline 0.001 -14"><span class='ocrx_word' id='word_1_20' title='bbox 290 258 376 295; x_wconf 86' lang='lat' dir='ltr'>Sive</span> <span class='ocrx_word' id='word_1_21' title='bbox 409 257 643 295; x_wconf 81' lang='lat' dir='ltr'>redundatas</span> <span class='ocrx_word' id='word_1_22' title='bbox 676 257 834 295; x_wconf 89' lang='lat' dir='ltr'>ssumine</span> <span class='ocrx_word' id='word_1_23' title='bbox 867 259 970 308; x_wconf 84' lang='lat' dir='ltr'>cogit</span> <span class='ocrx_word' id='word_1_24' title='bbox 1001 270 1143 309; x_wconf 83' lang='lat' dir='ltr'>aquaS,</span> 
     </span>
     <span class='ocr_line' id='line_1_5' title="bbox 287 315 1309 366; baseline 0 -13"><span class='ocrx_word' id='word_1_25' title='bbox 287 315 500 366; x_wconf 84' lang='lat' dir='ltr'>Protinus,</span> <span class='ocrx_word' id='word_1_26' title='bbox 534 321 696 365; x_wconf 87' lang='lat' dir='ltr'>aequato</span> <span class='ocrx_word' id='word_1_27' title='bbox 730 316 844 353; x_wconf 86' lang='lat' dir='ltr'>siccis</span> <span class='ocrx_word' id='word_1_28' title='bbox 876 315 1121 366; x_wconf 82' lang='lat' dir='ltr'>aquilonibus</span> <span class='ocrx_word' id='word_1_29' title='bbox 1154 315 1309 366; x_wconf 83' lang='lat' dir='ltr'>Histro,</span> 
     </span>
     <span class='ocr_line' id='line_1_6' title="bbox 288 373 1172 425; baseline -0.001 -14"><span class='ocrx_word' id='word_1_30' title='bbox 288 373 489 411; x_wconf 83' lang='lat' dir='ltr'>Invehitur</span> <span class='ocrx_word' id='word_1_31' title='bbox 521 373 640 411; x_wconf 87' lang='lat' dir='ltr'>celeri</span> <span class='ocrx_word' id='word_1_32' title='bbox 671 373 861 411; x_wconf 85' lang='lat' dir='ltr'>barbarus</span> <span class='ocrx_word' id='word_1_33' title='bbox 892 373 1016 413; x_wconf 86' lang='lat' dir='ltr'>hostis</span> <span class='ocrx_word' id='word_1_34' title='bbox 1048 386 1172 425; x_wconf 81' lang='lat' dir='ltr'>equo,</span> 
     </span>
    </p>

    <p class='ocr_par' dir='ltr' id='par_1_3' title="bbox 226 431 1393 716">
     <span class='ocr_line' id='line_1_7' title="bbox 226 431 1311 482; baseline 0 -13"><span class='ocrx_word' id='word_1_35' title='bbox 226 439 268 469; x_wconf 90' lang='lat'>55</span> <span class='ocrx_word' id='word_1_36' title='bbox 289 431 420 469; x_wconf 90' lang='lat' dir='ltr'>Hostis</span> <span class='ocrx_word' id='word_1_37' title='bbox 452 443 552 481; x_wconf 90' lang='lat' dir='ltr'>equo</span> <span class='ocrx_word' id='word_1_38' title='bbox 584 431 734 481; x_wconf 91' lang='lat' dir='ltr'>pollens</span> <span class='ocrx_word' id='word_1_39' title='bbox 767 431 958 482; x_wconf 83' lang='lat' dir='ltr'>longeque</span> <span class='ocrx_word' id='word_1_40' title='bbox 989 431 1141 470; x_wconf 88' lang='lat' dir='ltr'>volante</span> <span class='ocrx_word' id='word_1_41' title='bbox 1174 432 1311 482; x_wconf 82' lang='lat' dir='ltr'>sagitta</span> 
     </span>
     <span class='ocr_line' id='line_1_8' title="bbox 289 489 1076 540; baseline 0.003 -14"><span class='ocrx_word' id='word_1_42' title='bbox 289 489 462 527; x_wconf 81' lang='lat' dir='ltr'>Vicinam</span> <span class='ocrx_word' id='word_1_43' title='bbox 493 489 568 528; x_wconf 90' lang='lat' dir='ltr'>late</span> <span class='ocrx_word' id='word_1_44' title='bbox 601 489 860 540; x_wconf 84' lang='lat' dir='ltr'>depopulatur</span> <span class='ocrx_word' id='word_1_45' title='bbox 891 490 1076 528; x_wconf 89' lang='lat' dir='ltr'>humum.</span> 
     </span>
     <span class='ocr_line' id='line_1_9' title="bbox 291 547 1236 599; baseline -0.001 -13"><span class='ocrx_word' id='word_1_46' title='bbox 291 548 505 598; x_wconf 78' lang='lat' dir='ltr'>Diffugiunt</span> <span class='ocrx_word' id='word_1_47' title='bbox 536 547 627 599; x_wconf 86' lang='lat' dir='ltr'>alii,</span> <span class='ocrx_word' id='word_1_48' title='bbox 661 547 856 598; x_wconf 84' lang='lat' dir='ltr'>nullisque</span> <span class='ocrx_word' id='word_1_49' title='bbox 887 548 1088 587; x_wconf 86' lang='lat' dir='ltr'>tuentibus</span> <span class='ocrx_word' id='word_1_50' title='bbox 1124 560 1236 599; x_wconf 87' lang='lat' dir='ltr'>agros</span> 
     </span>
     <span class='ocr_line' id='line_1_10' title="bbox 289 605 975 657; baseline 0 -13"><span class='ocrx_word' id='word_1_51' title='bbox 289 606 553 644; x_wconf 74' lang='lat' dir='ltr'>incustoditae</span> <span class='ocrx_word' id='word_1_52' title='bbox 586 605 825 656; x_wconf 81' lang='lat' dir='ltr'>diripiuntur</span> <span class='ocrx_word' id='word_1_53' title='bbox 857 617 975 657; x_wconf 84' lang='lat' dir='ltr'>opes,</span> 
     </span>
     <span class='ocr_line' id='line_1_11' title="bbox 289 663 1393 716; baseline 0 -14"><span class='ocrx_word' id='word_1_54' title='bbox 289 664 406 702; x_wconf 87' lang='lat' dir='ltr'>Ruris</span> <span class='ocrx_word' id='word_1_55' title='bbox 439 676 531 716; x_wconf 90' lang='lat' dir='ltr'>opes</span> <span class='ocrx_word' id='word_1_56' title='bbox 564 676 702 714; x_wconf 77' lang='lat' dir='ltr'>parvae</span> <span class='ocrx_word' id='word_1_57' title='bbox 722 695 733 716; x_wconf 82' lang='lat'><em>,</em></span> <span class='ocrx_word' id='word_1_58' title='bbox 765 676 886 715; x_wconf 84' lang='lat' dir='ltr'>pecus</span> <span class='ocrx_word' id='word_1_59' title='bbox 919 669 957 702; x_wconf 87' lang='lat' dir='ltr'>et</span> <span class='ocrx_word' id='word_1_60' title='bbox 989 664 1191 703; x_wconf 88' lang='lat' dir='ltr'>stridentia</span> <span class='ocrx_word' id='word_1_61' title='bbox 1223 663 1393 714; x_wconf 85' lang='lat' dir='ltr'>plaustra</span> 
     </span>
    </p>

    <p class='ocr_par' dir='ltr' id='par_1_4' title="bbox 227 722 1372 994">
     <span class='ocr_line' id='line_1_12' title="bbox 227 722 1157 774; baseline -0.001 -13"><span class='ocrx_word' id='word_1_62' title='bbox 227 731 269 761; x_wconf 84' lang='lat'>60</span> <span class='ocrx_word' id='word_1_63' title='bbox 290 722 339 760; x_wconf 91' lang='lat' dir='ltr'>Et</span> <span class='ocrx_word' id='word_1_64' title='bbox 371 735 466 773; x_wconf 86' lang='lat' dir='ltr'>quas</span> <span class='ocrx_word' id='word_1_65' title='bbox 499 722 650 760; x_wconf 88' lang='lat' dir='ltr'>divitias</span> <span class='ocrx_word' id='word_1_66' title='bbox 683 722 807 761; x_wconf 88' lang='lat' dir='ltr'>incola</span> <span class='ocrx_word' id='word_1_67' title='bbox 839 734 987 774; x_wconf 88' lang='lat' dir='ltr'>pauper</span> <span class='ocrx_word' id='word_1_68' title='bbox 1018 722 1157 760; x_wconf 87' lang='lat' dir='ltr'>habet.</span> 
     </span>
     <span class='ocr_line' id='line_1_13' title="bbox 289 779 1372 832; baseline -0.001 -13"><span class='ocrx_word' id='word_1_69' title='bbox 289 780 382 819; x_wconf 88' lang='lat' dir='ltr'>Pars</span> <span class='ocrx_word' id='word_1_70' title='bbox 415 782 541 832; x_wconf 86' lang='lat' dir='ltr'>agitur</span> <span class='ocrx_word' id='word_1_71' title='bbox 573 782 712 819; x_wconf 89' lang='lat' dir='ltr'>vinctis</span> <span class='ocrx_word' id='word_1_72' title='bbox 744 786 832 831; x_wconf 85' lang='lat' dir='ltr'>post</span> <span class='ocrx_word' id='word_1_73' title='bbox 863 786 1017 831; x_wconf 84' lang='lat' dir='ltr'>tergum</span> <span class='ocrx_word' id='word_1_74' title='bbox 1050 785 1160 831; x_wconf 83' lang='lat' dir='ltr'>capta</span> <span class='ocrx_word' id='word_1_75' title='bbox 1191 779 1372 832; x_wconf 87' lang='lat' dir='ltr'>lacertis,</span> 
     </span>
     <span class='ocr_line' id='line_1_14' title="bbox 290 839 1220 890; baseline 0 -13"><span class='ocrx_word' id='word_1_76' title='bbox 290 839 518 890; x_wconf 86' lang='lat' dir='ltr'>Respiciens</span> <span class='ocrx_word' id='word_1_77' title='bbox 550 839 695 877; x_wconf 85' lang='lat' dir='ltr'>frustra</span> <span class='ocrx_word' id='word_1_78' title='bbox 727 851 818 877; x_wconf 87' lang='lat' dir='ltr'>rura</span> <span class='ocrx_word' id='word_1_79' title='bbox 850 839 1049 889; x_wconf 84' lang='lat' dir='ltr'>laremque</span> <span class='ocrx_word' id='word_1_80' title='bbox 1082 850 1220 890; x_wconf 85' lang='lat' dir='ltr'>suum,</span> 
     </span>
     <span class='ocr_line' id='line_1_15' title="bbox 290 897 1275 947; baseline -0.001 -12"><span class='ocrx_word' id='word_1_81' title='bbox 290 897 385 935; x_wconf 85' lang='lat' dir='ltr'>Pars</span> <span class='ocrx_word' id='word_1_82' title='bbox 417 897 520 935; x_wconf 88' lang='lat' dir='ltr'>cadit</span> <span class='ocrx_word' id='word_1_83' title='bbox 551 897 715 936; x_wconf 89' lang='lat' dir='ltr'>hamatis</span> <span class='ocrx_word' id='word_1_84' title='bbox 747 899 888 936; x_wconf 90' lang='lat' dir='ltr'>misere</span> <span class='ocrx_word' id='word_1_85' title='bbox 921 898 1070 935; x_wconf 86' lang='lat' dir='ltr'>confixa</span> <span class='ocrx_word' id='word_1_86' title='bbox 1103 898 1275 947; x_wconf 85' lang='lat' dir='ltr'>sagittis:</span> 
     </span>
     <span class='ocr_line' id='line_1_16' title="bbox 290 955 1182 994; baseline 0 -1"><span class='ocrx_word' id='word_1_87' title='bbox 290 955 385 993; x_wconf 89' lang='lat' dir='ltr'>Nam</span> <span class='ocrx_word' id='word_1_88' title='bbox 417 955 567 994; x_wconf 87' lang='lat' dir='ltr'>volucri</span> <span class='ocrx_word' id='word_1_89' title='bbox 598 956 703 994; x_wconf 86' lang='lat' dir='ltr'>ferro</span> <span class='ocrx_word' id='word_1_90' title='bbox 736 956 885 994; x_wconf 80' lang='lat' dir='ltr'>tinctile</span> <span class='ocrx_word' id='word_1_91' title='bbox 918 957 1025 994; x_wconf 87' lang='lat' dir='ltr'>virus</span> <span class='ocrx_word' id='word_1_92' title='bbox 1056 957 1182 994; x_wconf 87' lang='lat' dir='ltr'>inest.</span> 
     </span>
    </p>

    <p class='ocr_par' dir='ltr' id='par_1_5' title="bbox 227 1012 1509 1297">
     <span class='ocr_line' id='line_1_17' title="bbox 227 1012 1508 1065; baseline -0.001 -13"><span class='ocrx_word' id='word_1_93' title='bbox 227 1021 269 1052; x_wconf 83' lang='grc'>65</span> <span class='ocrx_word' id='word_1_94' title='bbox 292 1014 396 1058; x_wconf 84' lang='lat' dir='ltr'>Quae</span> <span class='ocrx_word' id='word_1_95' title='bbox 430 1020 632 1064; x_wconf 87' lang='lat' dir='ltr'>nequeunt</span> <span class='ocrx_word' id='word_1_96' title='bbox 664 1026 795 1052; x_wconf 87' lang='lat' dir='ltr'>secum</span> <span class='ocrx_word' id='word_1_97' title='bbox 829 1014 932 1052; x_wconf 85' lang='lat' dir='ltr'>serre</span> <span class='ocrx_word' id='word_1_98' title='bbox 965 1019 1031 1052; x_wconf 85' lang='lat' dir='ltr'>aut</span> <span class='ocrx_word' id='word_1_99' title='bbox 1062 1013 1256 1052; x_wconf 88' lang='lat' dir='ltr'>abducere</span> <span class='ocrx_word' id='word_1_100' title='bbox 1275 1045 1286 1065; x_wconf 87' lang='lat'><strong><em>,</em></strong></span> <span class='ocrx_word' id='word_1_101' title='bbox 1317 1012 1508 1065; x_wconf 87' lang='lat' dir='ltr'>perdunt,</span> 
     </span>
     <span class='ocr_line' id='line_1_18' title="bbox 291 1071 1250 1111; baseline 0.001 -2"><span class='ocrx_word' id='word_1_102' title='bbox 291 1071 340 1111; x_wconf 89' lang='lat' dir='ltr'>Et</span> <span class='ocrx_word' id='word_1_103' title='bbox 371 1078 518 1110; x_wconf 83' lang='lat' dir='ltr'>cremat</span> <span class='ocrx_word' id='word_1_104' title='bbox 549 1073 724 1110; x_wconf 86' lang='lat' dir='ltr'>insontes</span> <span class='ocrx_word' id='word_1_105' title='bbox 756 1072 905 1110; x_wconf 87' lang='lat' dir='ltr'>hostica</span> <span class='ocrx_word' id='word_1_106' title='bbox 937 1071 1088 1110; x_wconf 83' lang='lat' dir='ltr'>flamma</span> <span class='ocrx_word' id='word_1_107' title='bbox 1121 1084 1250 1110; x_wconf 89' lang='lat' dir='ltr'>casas.</span> 
     </span>
     <span class='ocr_line' id='line_1_19' title="bbox 291 1129 1509 1181; baseline 0 -14"><span class='ocrx_word' id='word_1_108' title='bbox 291 1130 402 1169; x_wconf 89' lang='lat' dir='ltr'>Tunc</span> <span class='ocrx_word' id='word_1_109' title='bbox 424 1142 602 1181; x_wconf 82' lang='lat' dir='ltr'>quoque,</span> <span class='ocrx_word' id='word_1_110' title='bbox 635 1142 724 1168; x_wconf 88' lang='lat' dir='ltr'>cum</span> <span class='ocrx_word' id='word_1_111' title='bbox 744 1142 816 1180; x_wconf 85' lang='lat' dir='ltr'>pax</span> <span class='ocrx_word' id='word_1_112' title='bbox 838 1136 920 1181; x_wconf 84' lang='lat' dir='ltr'>est,</span> <span class='ocrx_word' id='word_1_113' title='bbox 950 1130 1145 1180; x_wconf 83' lang='lat' dir='ltr'>trepidant</span> <span class='ocrx_word' id='word_1_114' title='bbox 1171 1130 1376 1168; x_wconf 83' lang='lat' dir='ltr'>formidine</span> <span class='ocrx_word' id='word_1_115' title='bbox 1397 1129 1509 1181; x_wconf 85' lang='lat' dir='ltr'>belli,</span> 
     </span>
     <span class='ocr_line' id='line_1_20' title="bbox 292 1187 1342 1239; baseline 0 -13"><span class='ocrx_word' id='word_1_116' title='bbox 292 1188 371 1226; x_wconf 89' lang='lat' dir='ltr'>Nec</span> <span class='ocrx_word' id='word_1_117' title='bbox 405 1189 610 1239; x_wconf 88' lang='lat' dir='ltr'>quisquam</span> <span class='ocrx_word' id='word_1_118' title='bbox 643 1200 779 1239; x_wconf 89' lang='lat' dir='ltr'>presso</span> <span class='ocrx_word' id='word_1_119' title='bbox 812 1200 968 1226; x_wconf 87' lang='lat' dir='ltr'>vomere</span> <span class='ocrx_word' id='word_1_120' title='bbox 1002 1188 1126 1226; x_wconf 81' lang='lat' dir='ltr'>sulcat</span> <span class='ocrx_word' id='word_1_121' title='bbox 1157 1187 1342 1226; x_wconf 86' lang='lat' dir='ltr'>humum.</span> 
     </span>
     <span class='ocr_line' id='line_1_21' title="bbox 291 1245 1509 1297; baseline 0 -13"><span class='ocrx_word' id='word_1_122' title='bbox 291 1247 368 1285; x_wconf 90' lang='lat' dir='ltr'>Aut</span> <span class='ocrx_word' id='word_1_123' title='bbox 404 1246 510 1284; x_wconf 87' lang='lat' dir='ltr'>videt</span> <span class='ocrx_word' id='word_1_124' title='bbox 546 1252 611 1285; x_wconf 90' lang='lat' dir='ltr'>aut</span> <span class='ocrx_word' id='word_1_125' title='bbox 651 1248 789 1285; x_wconf 90' lang='lat' dir='ltr'>metuit</span> <span class='ocrx_word' id='word_1_126' title='bbox 832 1246 941 1284; x_wconf 87' lang='lat' dir='ltr'>locus</span> <span class='ocrx_word' id='word_1_127' title='bbox 979 1246 1064 1297; x_wconf 84' lang='lat' dir='ltr'>hic,</span> <span class='ocrx_word' id='word_1_128' title='bbox 1110 1258 1225 1297; x_wconf 88' lang='lat' dir='ltr'>quem</span> <span class='ocrx_word' id='word_1_129' title='bbox 1271 1258 1347 1284; x_wconf 92' lang='lat' dir='ltr'>non</span> <span class='ocrx_word' id='word_1_130' title='bbox 1386 1245 1509 1297; x_wconf 84' lang='lat' dir='ltr'>videt,</span> 
     </span>
    </p>

    <p class='ocr_par' dir='ltr' id='par_1_6' title="bbox 890 1305 1065 1356">
     <span class='ocr_line' id='line_1_22' title="bbox 890 1305 1065 1356; baseline 0.006 -14"><span class='ocrx_word' id='word_1_131' title='bbox 890 1305 1065 1356; x_wconf 81' lang='lat' dir='ltr'>hostem3</span> 
     </span>
    </p>

    <p class='ocr_par' dir='ltr' id='par_1_7' title="bbox 230 1362 1464 1646">
     <span class='ocr_line' id='line_1_23' title="bbox 230 1362 1159 1414; baseline -0.002 -11"><span class='ocrx_word' id='word_1_132' title='bbox 230 1373 272 1403; x_wconf 80' lang='lat'>70</span> <span class='ocrx_word' id='word_1_133' title='bbox 294 1363 428 1402; x_wconf 85' lang='lat' dir='ltr'>Cessat</span> <span class='ocrx_word' id='word_1_134' title='bbox 458 1365 564 1402; x_wconf 90' lang='lat' dir='ltr'>iners</span> <span class='ocrx_word' id='word_1_135' title='bbox 598 1362 722 1414; x_wconf 84' lang='lat' dir='ltr'>rlgido</span> <span class='ocrx_word' id='word_1_136' title='bbox 755 1368 859 1401; x_wconf 87' lang='lat' dir='ltr'>terra</span> <span class='ocrx_word' id='word_1_137' title='bbox 893 1363 1027 1401; x_wconf 85' lang='lat' dir='ltr'>relicta</span> <span class='ocrx_word' id='word_1_138' title='bbox 1059 1364 1159 1401; x_wconf 84' lang='lat' dir='ltr'>situ.</span> 
     </span>
     <span class='ocr_line' id='line_1_24' title="bbox 292 1420 1393 1473; baseline -0.001 -13"><span class='ocrx_word' id='word_1_139' title='bbox 292 1422 378 1460; x_wconf 90' lang='lat' dir='ltr'>Non</span> <span class='ocrx_word' id='word_1_140' title='bbox 409 1421 472 1460; x_wconf 89' lang='lat' dir='ltr'>hic</span> <span class='ocrx_word' id='word_1_141' title='bbox 504 1423 709 1473; x_wconf 89' lang='lat' dir='ltr'>pampinea</span> <span class='ocrx_word' id='word_1_142' title='bbox 741 1421 866 1460; x_wconf 87' lang='lat' dir='ltr'>dulcis</span> <span class='ocrx_word' id='word_1_143' title='bbox 899 1421 992 1459; x_wconf 88' lang='lat' dir='ltr'>latet</span> <span class='ocrx_word' id='word_1_144' title='bbox 1022 1433 1094 1459; x_wconf 90' lang='lat' dir='ltr'>uva</span> <span class='ocrx_word' id='word_1_145' title='bbox 1127 1420 1198 1459; x_wconf 90' lang='lat' dir='ltr'>sub</span> <span class='ocrx_word' id='word_1_146' title='bbox 1232 1420 1393 1472; x_wconf 80' lang='lat' dir='ltr'>umbra,</span> 
     </span>
     <span class='ocr_line' id='line_1_25' title="bbox 293 1478 1229 1519; baseline -0.001 -1"><span class='ocrx_word' id='word_1_147' title='bbox 293 1480 372 1518; x_wconf 88' lang='lat' dir='ltr'>Nec</span> <span class='ocrx_word' id='word_1_148' title='bbox 404 1480 604 1519; x_wconf 88' lang='lat' dir='ltr'>cumulant</span> <span class='ocrx_word' id='word_1_149' title='bbox 635 1480 732 1518; x_wconf 87' lang='lat' dir='ltr'>altos</span> <span class='ocrx_word' id='word_1_150' title='bbox 764 1480 911 1518; x_wconf 86' lang='lat' dir='ltr'>fervida</span> <span class='ocrx_word' id='word_1_151' title='bbox 943 1485 1069 1518; x_wconf 88' lang='lat' dir='ltr'>musta</span> <span class='ocrx_word' id='word_1_152' title='bbox 1100 1478 1229 1517; x_wconf 90' lang='lat' dir='ltr'>lacus.</span> 
     </span>
     <span class='ocr_line' id='line_1_26' title="bbox 293 1537 1464 1589; baseline -0.001 -13"><span class='ocrx_word' id='word_1_153' title='bbox 293 1538 410 1576; x_wconf 90' lang='lat' dir='ltr'>Poma</span> <span class='ocrx_word' id='word_1_154' title='bbox 442 1545 555 1589; x_wconf 87' lang='lat' dir='ltr'>negat</span> <span class='ocrx_word' id='word_1_155' title='bbox 588 1539 719 1588; x_wconf 86' lang='lat' dir='ltr'>regio.</span> <span class='ocrx_word' id='word_1_156' title='bbox 770 1550 842 1576; x_wconf 88' lang='lat' dir='ltr'>nec</span> <span class='ocrx_word' id='word_1_157' title='bbox 874 1537 1036 1576; x_wconf 87' lang='lat' dir='ltr'>haberet</span> <span class='ocrx_word' id='word_1_158' title='bbox 1066 1537 1283 1587; x_wconf 86' lang='lat' dir='ltr'>Acontius,</span> <span class='ocrx_word' id='word_1_159' title='bbox 1314 1538 1355 1575; x_wconf 91' lang='lat' dir='ltr'>in</span> <span class='ocrx_word' id='word_1_160' title='bbox 1388 1549 1464 1588; x_wconf 91' lang='lat' dir='ltr'>quo</span> 
     </span>
     <span class='ocr_line' id='line_1_27' title="bbox 296 1595 1289 1646; baseline 0 -12"><span class='ocrx_word' id='word_1_161' title='bbox 296 1596 495 1635; x_wconf 84' lang='lat' dir='ltr'>Scriberet</span> <span class='ocrx_word' id='word_1_162' title='bbox 526 1596 588 1634; x_wconf 90' lang='lat' dir='ltr'>hic</span> <span class='ocrx_word' id='word_1_163' title='bbox 621 1596 798 1634; x_wconf 88' lang='lat' dir='ltr'>dominae</span> <span class='ocrx_word' id='word_1_164' title='bbox 831 1595 947 1634; x_wconf 86' lang='lat' dir='ltr'>verba</span> <span class='ocrx_word' id='word_1_165' title='bbox 978 1596 1141 1646; x_wconf 86' lang='lat' dir='ltr'>legenda</span> <span class='ocrx_word' id='word_1_166' title='bbox 1173 1608 1289 1635; x_wconf 88' lang='lat' dir='ltr'>suae.</span> 
     </span>
    </p>

    <p class='ocr_par' dir='ltr' id='par_1_8' title="bbox 231 1647 1473 1880">
     <span class='ocr_line' id='line_1_28' title="bbox 231 1647 1473 1705; baseline -0.001 -12"><span class='ocrx_word' id='word_1_167' title='bbox 231 1665 272 1694; x_wconf 77' lang='lat'>75</span> <span class='ocrx_word' id='word_1_168' title='bbox 295 1657 498 1705; x_wconf 81' lang='lat' dir='ltr'>Aspiceres</span> <span class='ocrx_word' id='word_1_169' title='bbox 531 1654 656 1693; x_wconf 88' lang='lat' dir='ltr'>nudos</span> <span class='ocrx_word' id='word_1_170' title='bbox 689 1656 772 1692; x_wconf 87' lang='lat' dir='ltr'>sine</span> <span class='ocrx_word' id='word_1_171' title='bbox 804 1654 941 1692; x_wconf 83' lang='lat' dir='ltr'>fronde</span> <span class='ocrx_word' id='word_1_172' title='bbox 961 1685 972 1705; x_wconf 87' lang='lat'><em>‚</em></span> <span class='ocrx_word' id='word_1_173' title='bbox 1005 1656 1089 1692; x_wconf 87' lang='lat' dir='ltr'>sine</span> <span class='ocrx_word' id='word_1_174' title='bbox 1122 1653 1261 1692; x_wconf 88' lang='lat' dir='ltr'>arbore</span> <span class='ocrx_word' id='word_1_175' title='bbox 1294 1647 1473 1705; x_wconf 84' lang='lat' dir='ltr'>campos:</span> 
     </span>
     <span class='ocr_line' id='line_1_29' title="bbox 295 1711 1086 1752; baseline -0.001 -1"><span class='ocrx_word' id='word_1_176' title='bbox 295 1714 379 1752; x_wconf 89' lang='lat' dir='ltr'>Heu</span> <span class='ocrx_word' id='word_1_177' title='bbox 412 1713 495 1751; x_wconf 89' lang='lat' dir='ltr'>loca</span> <span class='ocrx_word' id='word_1_178' title='bbox 528 1713 630 1751; x_wconf 87' lang='lat' dir='ltr'>felici</span> <span class='ocrx_word' id='word_1_179' title='bbox 663 1725 739 1751; x_wconf 89' lang='lat' dir='ltr'>non</span> <span class='ocrx_word' id='word_1_180' title='bbox 773 1712 948 1751; x_wconf 89' lang='lat' dir='ltr'>adeunda</span> <span class='ocrx_word' id='word_1_181' title='bbox 981 1711 1086 1750; x_wconf 81' lang='lat' dir='ltr'>viro!</span> 
     </span>
     <span class='ocr_line' id='line_1_30' title="bbox 295 1770 1278 1822; baseline 0 -13"><span class='ocrx_word' id='word_1_182' title='bbox 295 1772 397 1822; x_wconf 85' lang='lat' dir='ltr'>Ergo</span> <span class='ocrx_word' id='word_1_183' title='bbox 430 1777 508 1809; x_wconf 88' lang='lat' dir='ltr'>tam</span> <span class='ocrx_word' id='word_1_184' title='bbox 539 1771 613 1810; x_wconf 88' lang='lat' dir='ltr'>late</span> <span class='ocrx_word' id='word_1_185' title='bbox 645 1776 774 1822; x_wconf 86' lang='lat' dir='ltr'>pateat</span> <span class='ocrx_word' id='word_1_186' title='bbox 806 1783 894 1809; x_wconf 89' lang='lat' dir='ltr'>cum</span> <span class='ocrx_word' id='word_1_187' title='bbox 927 1773 1115 1809; x_wconf 78' lang='lat' dir='ltr'>maximus</span> <span class='ocrx_word' id='word_1_188' title='bbox 1148 1770 1278 1822; x_wconf 88' lang='lat' dir='ltr'>orbis,</span> 
     </span>
     <span class='ocr_line' id='line_1_31' title="bbox 295 1830 1259 1880; baseline -0.001 -12"><span class='ocrx_word' id='word_1_189' title='bbox 295 1830 399 1868; x_wconf 88' lang='lat' dir='ltr'>Haec</span> <span class='ocrx_word' id='word_1_190' title='bbox 431 1835 489 1868; x_wconf 91' lang='lat' dir='ltr'>est</span> <span class='ocrx_word' id='word_1_191' title='bbox 520 1831 560 1868; x_wconf 93' lang='lat' dir='ltr'>in</span> <span class='ocrx_word' id='word_1_192' title='bbox 591 1841 756 1880; x_wconf 90' lang='lat' dir='ltr'>poenam</span> <span class='ocrx_word' id='word_1_193' title='bbox 789 1835 893 1867; x_wconf 85' lang='lat' dir='ltr'>terra</span> <span class='ocrx_word' id='word_1_194' title='bbox 925 1836 1081 1880; x_wconf 85' lang='lat' dir='ltr'>reperta</span> <span class='ocrx_word' id='word_1_195' title='bbox 1113 1841 1259 1867; x_wconf 85' lang='lat' dir='ltr'>meam.</span> 
     </span>
    </p>
   </div>
   <div class='ocr_carea' id='block_1_3' title="bbox 806 1958 883 2004">
    <p class='ocr_par' dir='ltr' id='par_1_9' title="bbox 806 1958 883 2004">
     <span class='ocr_line' id='line_1_32' title="bbox 806 1958 883 2004; baseline 0 0"><span class='ocrx_word' id='word_1_196' title='bbox 806 1958 883 2004; x_wconf 89' lang='lat' dir='ltr'>XI.</span> 
     </span>
    </p>
   </div>
   <div class='ocr_carea' id='block_1_4' title="bbox 297 2062 1485 2290">
    <p class='ocr_par' dir='ltr' id='par_1_10' title="bbox 297 2062 1485 2173">
     <span class='ocr_line' id='line_1_33' title="bbox 299 2062 1485 2116; baseline -0.002 -14"><span class='ocrx_word' id='word_1_197' title='bbox 299 2064 428 2114; x_wconf 86' lang='lat' dir='ltr'>Siquis</span> <span class='ocrx_word' id='word_1_198' title='bbox 461 2076 532 2116; x_wconf 81' lang='lat' dir='ltr'>es,</span> <span class='ocrx_word' id='word_1_199' title='bbox 564 2062 727 2102; x_wconf 88' lang='lat' dir='ltr'>insultes</span> <span class='ocrx_word' id='word_1_200' title='bbox 760 2064 826 2113; x_wconf 87' lang='lat' dir='ltr'>qui</span> <span class='ocrx_word' id='word_1_201' title='bbox 860 2063 1013 2101; x_wconf 86' lang='lat' dir='ltr'>casibus</span> <span class='ocrx_word' id='word_1_202' title='bbox 1032 2094 1043 2114; x_wconf 81' lang='grc'>,</span> <span class='ocrx_word' id='word_1_203' title='bbox 1075 2062 1281 2114; x_wconf 88' lang='lat' dir='ltr'>improbe,</span> <span class='ocrx_word' id='word_1_204' title='bbox 1314 2062 1485 2113; x_wconf 78' lang='lat' dir='ltr'>nostris,</span> 
     </span>
     <span class='ocr_line' id='line_1_34' title="bbox 297 2122 1239 2173; baseline -0.002 -12"><span class='ocrx_word' id='word_1_205' title='bbox 297 2122 435 2173; x_wconf 86' lang='lat' dir='ltr'>Meque</span> <span class='ocrx_word' id='word_1_206' title='bbox 468 2134 579 2161; x_wconf 91' lang='lat' dir='ltr'>reum</span> <span class='ocrx_word' id='word_1_207' title='bbox 612 2122 767 2172; x_wconf 89' lang='lat' dir='ltr'>dempto</span> <span class='ocrx_word' id='word_1_208' title='bbox 800 2122 875 2159; x_wconf 88' lang='lat' dir='ltr'>fine</span> <span class='ocrx_word' id='word_1_209' title='bbox 908 2128 1094 2160; x_wconf 90' lang='lat' dir='ltr'>cruentus</span> <span class='ocrx_word' id='word_1_210' title='bbox 1127 2133 1239 2173; x_wconf 84' lang='lat' dir='ltr'>agas,</span> 
     </span>
    </p>

    <p class='ocr_par' dir='ltr' id='par_1_11' title="bbox 297 2179 1291 2232">
     <span class='ocr_line' id='line_1_35' title="bbox 297 2179 1291 2232; baseline -0.001 -13"><span class='ocrx_word' id='word_1_211' title='bbox 297 2181 418 2219; x_wconf 82' lang='lat' dir='ltr'>Natus</span> <span class='ocrx_word' id='word_1_212' title='bbox 451 2193 492 2219; x_wconf 90' lang='lat' dir='ltr'>es</span> <span class='ocrx_word' id='word_1_213' title='bbox 526 2193 546 2219; x_wconf 89' lang='lat' dir='ltr'>e</span> <span class='ocrx_word' id='word_1_214' title='bbox 579 2179 779 2232; x_wconf 80' lang='lat' dir='ltr'>scopulis,</span> <span class='ocrx_word' id='word_1_215' title='bbox 812 2181 983 2218; x_wconf 83' lang='lat' dir='ltr'>nutritus</span> <span class='ocrx_word' id='word_1_216' title='bbox 1015 2179 1114 2218; x_wconf 89' lang='lat' dir='ltr'>lacte</span> <span class='ocrx_word' id='word_1_217' title='bbox 1142 2180 1291 2231; x_wconf 83' lang='lat' dir='ltr'>ferino,</span> 
     </span>
    </p>

    <p class='ocr_par' dir='ltr' id='par_1_12' title="bbox 297 2237 1173 2290">
     <span class='ocr_line' id='line_1_36' title="bbox 297 2237 1173 2290; baseline 0.001 -14"><span class='ocrx_word' id='word_1_218' title='bbox 297 2238 346 2277; x_wconf 88' lang='lat' dir='ltr'>Et</span> <span class='ocrx_word' id='word_1_219' title='bbox 377 2239 501 2278; x_wconf 86' lang='lat' dir='ltr'>dicam</span> <span class='ocrx_word' id='word_1_220' title='bbox 535 2238 662 2278; x_wconf 89' lang='lat' dir='ltr'>silices</span> <span class='ocrx_word' id='word_1_221' title='bbox 694 2244 832 2290; x_wconf 85' lang='lat' dir='ltr'>pectus</span> <span class='ocrx_word' id='word_1_222' title='bbox 864 2237 1007 2276; x_wconf 83' lang='lat' dir='ltr'>habere</span> <span class='ocrx_word' id='word_1_223' title='bbox 1040 2244 1173 2277; x_wconf 85' lang='lat' dir='ltr'>tuum.</span> 
     </span>
    </p>
   </div>
  </div>
 </body>
</html>
