1575 2489
184 92 270 133 266
724 92 976 125 FASTORUM

302 200 418 238 Vallis
449 201 626 238 Aricinae
659 200 751 237 silva
782 201 1029 250 praecinctus
1061 211 1178 250 opaca

356 258 430 296 'Est
461 257 596 308 lacus,
628 258 784 307 antiqua
816 257 1002 307 religione
1035 269 1166 296 sacer.

214 324 280 355 265
302 316 373 353 llic
403 315 496 353 latet
527 314 757 365 Hippolytus
790 315 901 352 furiis
934 314 1108 364 direptus
1141 326 1356 365 equorum,

360 372 470 411 Unde
501 384 639 410 nemus
670 372 786 411 nullis
817 372 911 410 illud
944 372 1071 410 aditur
1103 374 1235 423 equis.

302 430 405 468 Licia
437 430 686 481 dependent,
716 430 849 480 longas
880 429 1043 468 velantia
1076 442 1233 481 saepes,

363 488 411 526 Et
441 489 567 539 posita
600 493 659 526 est
690 489 849 526 meritae
881 488 1000 526 inulta
1032 487 1169 526 tabella
1201 488 1317 526 deae.

304 546 427 596 Saepe
458 551 598 596 potens
630 546 736 596 voti,
769 546 936 584 frontem
966 545 1144 584 redimita
1176 546 1352 596 coronis,

213 612 282 643 270
360 603 519 642 Femina
550 603 724 642 lucentes
756 608 885 654 portat
915 602 962 641 ab
993 603 1096 641 Urbe
1129 603 1253 642 faces.

302 662 433 711 Regna
465 667 600 699 tenent
631 661 752 699 fortes
784 660 962 699 manibus
993 660 1235 711 pedibusque
1267 661 1448 711 fugaces,

360 719 410 757 Et
440 720 544 770 perit
575 719 750 769 exemplo
782 719 985 768 postmodo
1018 720 1182 769 quisque
1215 730 1307 757 suo.

304 777 445 815 Dessuit
476 779 625 816 incerto
658 776 854 827 lapidosus
885 788 1086 815 murmure
1117 777 1245 815 rivus:

362 835 513 886 Saepe,
546 835 613 873 sed
646 836 795 885 exiguis
826 833 1029 873 haustibus
1060 833 1150 872 inde
1182 833 1285 872 bibi.

213 901 281 932 ‘275
302 893 441 943 Egeria
474 899 558 943 est,
591 904 688 943 quae
715 891 875 943 praebet
901 904 1045 943 aquas,
1078 892 1147 930 dea
1179 897 1287 942 grata
1312 890 1510 929 Camenis⁸

358 950 424 989 Illa
456 950 602 988 Numae
636 952 804 989 coniunx
836 950 1117 1000 consiliumque
1150 950 1246 988 fuit.

302 1009 497 1058 Principio
531 1009 693 1046 nimium
724 1014 925 1059 promptos
957 1008 1003 1046 ad
1034 1007 1133 1046 bella
1165 1007 1326 1052 Quiriti.t

360 1065 500 1104 Molliri
532 1066 677 1116 placuit
707 1067 792 1104 iure
826 1066 1018 1116 deumque
1050 1070 1178 1103 metu.

302 1124 394 1162 Inde
427 1124 536 1161 datae
568 1124 701 1174 leges,
734 1135 782 1161 ne
815 1124 963 1161 firmior
995 1124 1122 1160 omnia
1153 1127 1308 1173 posset3

214 1190 283 1221 280
364 1181 585 1232 Coeptaque
618 1187 709 1219 sunt
741 1193 837 1231 pure
870 1180 1010 1219 tradita
1042 1192 1151 1218 sacra
1183 1180 1278 1218 coli.

302 1239 468 1278 Exuitur
500 1240 633 1277 feritas
652 1270 662 1290 ,
694 1240 890 1289 armisque
922 1240 1120 1288 potentius
1152 1250 1319 1288 aequum
1352 1242 1432 1288 est,

361 1297 410 1336 Et
442 1309 530 1335 cum
563 1298 644 1335 cive
677 1296 798 1346 pudet
830 1298 1077 1335 conseruisse
1108 1308 1267 1334 manus.

302 1356 428 1405 Atque
462 1355 630 1405 aliquis,
663 1354 776 1392 modo
809 1360 898 1393 trux
917 1385 927 1405 ,
961 1356 1039 1392 visa
1070 1355 1146 1392 iam
1177 1355 1342 1392 vertitur
1373 1365 1460 1401 ara,

360 1413 532 1463 Vinaque
565 1413 629 1450 dat
660 1412 800 1463 tepidis
833 1412 1009 1463 salsaque
1042 1412 1144 1450 farra
1175 1412 1295 1450 focis.

215 1480 282 1510 285
304 1472 405 1510 Ecce
438 1471 552 1509 deum
585 1472 737 1521 genitor
768 1470 904 1508 rutilas
935 1483 1006 1520 per
1037 1469 1169 1508 nubila
1200 1469 1371 1508 flammas

363 1529 518 1580 Spargit
536 1560 546 1580 ,
579 1535 618 1567 et
649 1529 781 1567 effusis
813 1528 969 1566 aethera
1001 1529 1121 1566 siccat
1152 1529 1285 1578 aquis.

303 1587 387 1625 Non
421 1587 512 1625 alias
544 1587 653 1624 missi
685 1586 860 1624 cecidere
893 1586 1137 1636 frequentius
1168 1587 1302 1635 ignes.

361 1645 442 1683 Rex
474 1649 588 1694 pavet
620 1651 658 1682 et
688 1643 789 1694 volgi
820 1650 979 1694 pectora
1010 1650 1130 1682 terrei
1169 1643 1307 1682 habet.

305 1703 375 1742 Cui
408 1703 478 1741 dea
511 1699 580 1740 ‘ne
613 1703 775 1740 nimium
807 1700 985 1740 terrere!
1030 1700 1170 1751 piabile
1202 1701 1349 1739 fulmen
1568 1699 1572 1721 ¹

214 1770 282 1800 290
360 1761 431 1799 Est
450 1757 479 1811 ,²
513 1761 565 1798 ait
596 1756 657 1798 eet
688 1762 790 1797 saevi
821 1759 991 1798 flectitur
1022 1761 1079 1797 ira
1110 1759 1232 1798 Iovis.

305 1819 380 1857 Sed
413 1822 598 1868 poterunt
630 1819 749 1856 ritum
780 1817 895 1856 Picus
926 1817 1160 1868 Faunusque
1193 1817 1324 1867 piandi
1566 1817 1569 1864 ξ

361 1876 560 1927 Tradere,
592 1875 755 1913 Romani
786 1887 931 1914 numen
963 1880 1173 1925 utrumque
1206 1875 1302 1913 soli.

303 1934 383 1973 Nec
416 1936 498 1972 sine
530 1935 567 1971 vi
598 1933 781 1972 tradent:
825 1932 1004 1971 adhibeto
1037 1932 1189 1972 vincula
1221 1930 1387 1984 captis;'

361 1993 487 2042 Atque
519 1993 600 2043 ita,
634 2003 706 2042 qua
740 1992 918 2042 possint,
951 1990 1108 2042 erudit,
1140 1996 1222 2029 arte
1254 1992 1361 2042 capi.

215 2059 282 2090 295
303 2050 432 2089 Lucus
465 2050 654 2088 Aventino
687 2048 847 2088 suberat
876 2050 987 2098 niger
1018 2049 1117 2087 ilicis
1148 2048 1309 2101 umbra,

361 2109 445 2154 Quo
477 2119 613 2158 posses
645 2108 726 2146 viso
759 2107 891 2146 dicere
924 2104 1088 2145 ‘numen
1119 2104 1266 2145 inestl'

302 2167 345 2205 In
377 2165 503 2204 medio
536 2177 693 2216 gramen
713 2196 723 2216 ‚
756 2177 968 2215 muscoque
1000 2164 1184 2216 adoperta
1216 2166 1357 2204 virenti

360 2223 536 2262 Manabat
567 2236 658 2262 saxo
690 2235 786 2261 vena
817 2224 1000 2274 perennis
1033 2235 1176 2273 aquae.

303 2282 396 2321 Inde
429 2282 509 2320 fere
543 2282 614 2320 soli
644 2281 800 2320 Faunus
832 2281 1026 2332 Picusque
1059 2280 1265 2320 bibebant.
