1575 2489
200 70 286 111 320
739 71 991 103 FASTORUM

229 187 296 219 305
317 179 481 229 Respice
513 178 776 217 Thestiaden:
819 178 982 216 flammis
1013 176 1238 216 absentibus
1271 179 1388 229 arsit3

331 264 336 271 .
375 237 497 274 Causa
530 242 618 287 est,
651 236 752 286 quod
785 235 960 274 Phoebes
993 248 1057 274 ara
1089 237 1171 274 siue
1203 237 1291 286 igne
1325 237 1419 275 suit.

316 295 480 344 Respice
512 293 767 332 Tantaliden:
811 293 945 331 eadem
978 293 1047 332 dea
1078 294 1159 332 vela
1191 293 1369 332 tenebat.

374 352 489 402 Virgo
523 357 610 402 est,
642 357 680 390 et
711 357 863 402 spretos
895 351 954 389 bis
986 357 1113 390 tamen
1145 351 1223 390 ulta
1256 351 1384 390 focos.

317 409 521 460 Hippolyte
554 409 686 447 infelix
706 441 716 461 ‚
748 409 865 447 velles
898 409 1064 448 coluisse
1096 409 1268 461 Dionen,

229 476 297 506 310
376 468 471 505 Cum
504 468 764 506 consternatis
796 467 1022 517 diripereris
1056 469 1187 518 equis.

317 525 446 575 Longa
478 526 627 563 referre
660 537 767 563 mora
800 531 858 563 est
890 531 1066 564 correcta
1097 525 1235 563 oblivia
1267 525 1437 563 damnis.

375 583 434 621 Me
468 596 623 634 quoque
656 583 815 622 Romani
848 585 1085 634 praeteriere
1117 589 1270 634 patres.

318 641 417 686 Quid
451 642 619 680 facerem
638 673 648 693 ‚
681 654 750 691 per
783 641 885 692 quod
917 642 1051 680 fierem
1083 641 1286 680 manifesta
1317 638 1494 679 doloris?

375 699 580 750 Exigerem
614 705 768 737 nostrae
802 699 927 750 qualia
959 699 1096 738 damna
1127 696 1275 738 notae?

230 765 297 795 315
320 757 472 796 Excidit
503 757 674 796 officium
706 759 808 796 tristi
840 758 961 796 mihi.
1017 757 1120 796 nulla
1151 756 1289 795 tuebar

375 815 478 853 Rura
498 846 508 866 ‚
540 828 612 854 nec
644 817 683 853 in
716 817 841 866 pretio
875 815 1013 854 fertilis
1045 815 1182 853 hortus
1215 820 1321 854 erat:

317 873 412 911 Lilia
444 873 696 925 deciderant,
729 873 846 912 violas
879 886 988 912 arere
1021 873 1201 925 videres,

375 931 532 982 Filaque
565 933 722 982 punicei
753 931 932 982 languida
964 932 1062 970 facta
1094 933 1225 970 croci.

319 989 441 1039 Saepe
474 989 567 1027 mihi
599 989 798 1040 Zephyrus
831 986 978 1028 “dotes
1011 1001 1263 1040 corrumpere
1295 987 1372 1027 noli

231 1055 298 1085 320
378 1047 463 1097 Ipsa
495 1044 619 1086 tuas''
652 1048 774 1086 dixit.
831 1048 899 1085 dos
931 1047 1024 1085 mihi
1056 1047 1140 1085 vilis
1173 1052 1279 1085 erat.

317 1104 525 1143 Florebant
557 1104 661 1143 oleae
681 1136 691 1156 ,
723 1107 827 1143 venti
860 1117 1028 1143 nocuere
1060 1106 1254 1155 protervi:

376 1162 588 1201 Florebant
615 1168 766 1213 segetes
785 1194 796 1214 ‚
828 1163 1013 1213 grandine
1046 1162 1146 1201 laesa
1179 1161 1320 1200 Ceres:

318 1220 359 1258 In
393 1233 459 1271 spe
492 1222 581 1259 vitis
614 1226 725 1272 erat,
758 1221 907 1259 caelum
939 1222 1124 1272 nigrescit
1156 1219 1201 1258 ab
1234 1221 1376 1258 austris

376 1278 424 1317 Et
457 1278 584 1317 subita
618 1279 775 1317 frondes
807 1279 1059 1317 decutiuntur
1090 1290 1209 1329 aqua.

231 1345 297 1375 325
318 1337 397 1375 Nec
430 1337 533 1375 volui
565 1337 677 1389 fieri,
711 1349 782 1375 nec
815 1349 901 1376 sum
934 1336 1103 1375 crudelis
1135 1338 1174 1374 in
1206 1338 1286 1388 ira;

376 1395 476 1433 Cura
508 1394 722 1446 repellendi
755 1395 821 1433 sed
855 1395 949 1433 mihi
981 1395 1082 1433 nulla
1116 1395 1209 1433 fuit.

318 1453 542 1492 Convenere
574 1459 704 1504 patres
723 1484 733 1504 ,
766 1459 833 1505 et,
866 1455 898 1491 si
929 1453 1027 1491 hene
1059 1453 1195 1491 floreat
1226 1463 1373 1502 annus,

376 1511 608 1550 Numinibus
641 1513 786 1550 nostris
819 1523 945 1550 annua
978 1511 1073 1549 festa
1105 1516 1265 1548 vovent.

318 1570 535 1608 Annuimus
566 1574 682 1608 voto.
740 1569 876 1608 consul
908 1581 997 1608 cum
1029 1568 1187 1607 consule
1220 1567 1330 1605 ludos

232 1636 299 1666 330
377 1627 576 1666 Postumio
609 1627 755 1665 Laenas
788 1627 1013 1677 persoluere
1047 1622 1182 1665 mihi.'

320 1685 516 1730 Quaerere
550 1685 744 1736 conabar,
778 1697 896 1735 quare
929 1685 1082 1723 lascivia
1114 1685 1236 1722 maior

376 1743 444 1781 His
477 1744 577 1782 foret
608 1745 647 1781 in
679 1743 780 1781 ludis
811 1743 1048 1794 liberiorque
1080 1744 1212 1781 iocus.

320 1800 395 1839 Sed
429 1801 521 1839 mihi
554 1803 778 1852 succurrit,
812 1813 955 1839 numen
988 1813 1065 1839 non
1098 1812 1184 1838 esse
1216 1812 1417 1851 severum,

377 1860 551 1910 Aptaque
585 1859 733 1897 deliciis
765 1871 926 1897 munera
958 1860 1061 1897 ferre
1094 1858 1225 1896 deam.

231 1926 296 1956 335
318 1917 508 1968 Tempora
541 1917 721 1956 sutilibus
754 1919 964 1968 cinguntur
995 1922 1074 1955 tota
1107 1917 1283 1966 coronis,
1477 1936 1523 1943 -—

377 1975 426 2014 Et
456 1975 549 2014 latet
581 1977 722 2014 iniecta
755 1975 954 2026 splendida
987 1986 1118 2013 mensa
1150 1986 1260 2013 rosa.

318 2033 459 2071 Ebrius
492 2035 672 2072 incinctis
704 2033 853 2085 philyra
885 2035 1043 2071 conviva
1076 2032 1222 2083 capillis

378 2091 499 2130 Saltat
518 2123 529 2143 7
560 2098 598 2130 et
629 2091 856 2142 imprudens
889 2093 1013 2130 utitur
1045 2096 1126 2129 arte
1159 2091 1278 2128 meri.

320 2149 460 2187 Ebrius
493 2149 538 2187 ad
572 2149 712 2188 durum
746 2150 935 2188 formosae
968 2149 1085 2187 limen
1117 2151 1261 2186 amicae

231 2215 299 2246 340
379 2207 543 2259 Cantat‚
575 2207 719 2246 habent
749 2214 888 2246 unctae
921 2207 1046 2245 mollia
1080 2213 1182 2245 serta
1215 2218 1371 2246 comae.

318 2264 429 2303 Nulla
461 2272 644 2304 coronata
675 2272 916 2317 peraguntur
949 2267 1049 2304 seria
1081 2266 1208 2303 fronte
1228 2295 1238 2313 ‚
