<?xml version="1.0" encoding="UTF-8"?>
<!DOCTYPE html PUBLIC "-//W3C//DTD XHTML 1.0 Transitional//EN"
    "http://www.w3.org/TR/xhtml1/DTD/xhtml1-transitional.dtd">
<html xmlns="http://www.w3.org/1999/xhtml" xml:lang="en" lang="en">
 <head>
  <title>
</title>
<meta http-equiv="Content-Type" content="text/html;charset=utf-8" />
  <meta name='ocr-system' content='tesseract 3.04.00' />
  <meta name='ocr-capabilities' content='ocr_page ocr_carea ocr_par ocr_line ocrx_word'/>
</head>
<body>
  <div class='ocr_page' id='page_1' title='image "./operaovid01oviduoft_0275.png"; bbox 0 0 1575 2489; ppageno 0'>
   <div class='ocr_carea' id='block_1_1' title="bbox 556 75 1343 117">
    <p class='ocr_par' dir='ltr' id='par_1_1' title="bbox 556 75 1343 117">
     <span class='ocr_line' id='line_1_1' title="bbox 556 75 1343 117; baseline 0.008 -6"><span class='ocrx_word' id='word_1_1' title='bbox 556 79 584 111; x_wconf 92' lang='lat'>1.</span> <span class='ocrx_word' id='word_1_2' title='bbox 611 80 805 113; x_wconf 83' lang='lat'>459—528.</span> <span class='ocrx_word' id='word_1_3' title='bbox 1261 75 1343 117; x_wconf 81' lang='lat'>227</span> 
     </span>
    </p>
   </div>
   <div class='ocr_carea' id='block_1_2' title="bbox 47 185 1343 2322">
    <p class='ocr_par' dir='ltr' id='par_1_2' title="bbox 47 185 1343 2322">
     <span class='ocr_line' id='line_1_2' title="bbox 192 185 1181 236; baseline -0.001 -12"><span class='ocrx_word' id='word_1_4' title='bbox 192 185 242 225; x_wconf 90' lang='lat' dir='ltr'>Et</span> <span class='ocrx_word' id='word_1_5' title='bbox 273 197 369 236; x_wconf 89' lang='lat' dir='ltr'>quos</span> <span class='ocrx_word' id='word_1_6' title='bbox 400 192 603 236; x_wconf 87' lang='lat' dir='ltr'>praeterea</span> <span class='ocrx_word' id='word_1_7' title='bbox 634 185 747 236; x_wconf 88' lang='lat' dir='ltr'>longa</span> <span class='ocrx_word' id='word_1_8' title='bbox 778 185 928 224; x_wconf 83' lang='lat' dir='ltr'>referre</span> <span class='ocrx_word' id='word_1_9' title='bbox 960 196 1068 223; x_wconf 87' lang='lat' dir='ltr'>mora</span> <span class='ocrx_word' id='word_1_10' title='bbox 1100 190 1181 223; x_wconf 86' lang='lat' dir='ltr'>est.</span> 
     </span>
     <span class='ocr_line' id='line_1_3' title="bbox 135 242 1293 295; baseline -0.002 -13"><span class='ocrx_word' id='word_1_11' title='bbox 135 243 258 283; x_wconf 84' lang='lat' dir='ltr'>Omne</span> <span class='ocrx_word' id='word_1_12' title='bbox 290 243 414 282; x_wconf 88' lang='lat' dir='ltr'>solum</span> <span class='ocrx_word' id='word_1_13' title='bbox 446 243 538 282; x_wconf 91' lang='lat' dir='ltr'>forti</span> <span class='ocrx_word' id='word_1_14' title='bbox 568 245 692 295; x_wconf 87' lang='lat' dir='ltr'>patria</span> <span class='ocrx_word' id='word_1_15' title='bbox 725 248 812 295; x_wconf 87' lang='lat' dir='ltr'>est,</span> <span class='ocrx_word' id='word_1_16' title='bbox 844 248 888 282; x_wconf 91' lang='lat' dir='ltr'>ut</span> <span class='ocrx_word' id='word_1_17' title='bbox 918 242 1091 293; x_wconf 89' lang='lat' dir='ltr'>piscibus</span> <span class='ocrx_word' id='word_1_18' title='bbox 1123 254 1293 294; x_wconf 84' lang='lat' dir='ltr'>aequor,</span> 
     </span>
     <span class='ocr_line' id='line_1_4' title="bbox 192 300 1151 352; baseline 0 -13"><span class='ocrx_word' id='word_1_19' title='bbox 192 301 242 339; x_wconf 91' lang='lat' dir='ltr'>Ut</span> <span class='ocrx_word' id='word_1_20' title='bbox 273 301 421 340; x_wconf 89' lang='lat' dir='ltr'>volucri</span> <span class='ocrx_word' id='word_1_21' title='bbox 453 313 572 340; x_wconf 86' lang='lat' dir='ltr'>vacuo</span> <span class='ocrx_word' id='word_1_22' title='bbox 606 301 793 352; x_wconf 89' lang='lat' dir='ltr'>quidquid</span> <span class='ocrx_word' id='word_1_23' title='bbox 824 302 865 340; x_wconf 91' lang='lat' dir='ltr'>in</span> <span class='ocrx_word' id='word_1_24' title='bbox 897 300 991 339; x_wconf 89' lang='lat' dir='ltr'>orbe</span> <span class='ocrx_word' id='word_1_25' title='bbox 1022 306 1151 351; x_wconf 87' lang='lat' dir='ltr'>patet.</span> 
     </span>
     <span class='ocr_line' id='line_1_5' title="bbox 47 358 1235 409; baseline -0.001 -12"><span class='ocrx_word' id='word_1_26' title='bbox 47 366 114 398; x_wconf 84' lang='lat'>495</span> <span class='ocrx_word' id='word_1_27' title='bbox 134 358 213 398; x_wconf 87' lang='lat' dir='ltr'>Nec</span> <span class='ocrx_word' id='word_1_28' title='bbox 245 359 327 397; x_wconf 85' lang='lat' dir='ltr'>fera</span> <span class='ocrx_word' id='word_1_29' title='bbox 358 364 568 409; x_wconf 80' lang='lat' dir='ltr'><strong>tempestas</strong></span> <span class='ocrx_word' id='word_1_30' title='bbox 601 365 682 398; x_wconf 90' lang='lat' dir='ltr'>toto</span> <span class='ocrx_word' id='word_1_31' title='bbox 714 364 843 398; x_wconf 86' lang='lat' dir='ltr'>tamen</span> <span class='ocrx_word' id='word_1_32' title='bbox 873 358 1009 397; x_wconf 85' lang='lat' dir='ltr'>horret</span> <span class='ocrx_word' id='word_1_33' title='bbox 1039 359 1080 397; x_wconf 89' lang='lat' dir='ltr'>in</span> <span class='ocrx_word' id='word_1_34' title='bbox 1112 370 1235 396; x_wconf 91' lang='lat' dir='ltr'>anno.</span> 
     </span>
     <span class='ocr_line' id='line_1_6' title="bbox 192 412 1300 467; baseline -0.001 -12"><span class='ocrx_word' id='word_1_35' title='bbox 192 416 241 455; x_wconf 91' lang='lat' dir='ltr'>Et</span> <span class='ocrx_word' id='word_1_36' title='bbox 272 417 342 455; x_wconf 91' lang='lat' dir='ltr'>tibi</span> <span class='ocrx_word' id='word_1_37' title='bbox 368 438 411 443; x_wconf 92' lang='lat'>—</span> <span class='ocrx_word' id='word_1_38' title='bbox 438 417 553 455; x_wconf 88' lang='lat' dir='ltr'>crede</span> <span class='ocrx_word' id='word_1_39' title='bbox 586 416 703 456; x_wconf 83' lang='lat' dir='ltr'>mihi!</span> <span class='ocrx_word' id='word_1_40' title='bbox 730 439 773 444; x_wconf 95' lang='lat'>—</span> <span class='ocrx_word' id='word_1_41' title='bbox 800 423 975 467; x_wconf 86' lang='lat' dir='ltr'>tempora</span> <span class='ocrx_word' id='word_1_42' title='bbox 1006 417 1108 455; x_wconf 90' lang='lat' dir='ltr'>veris</span> <span class='ocrx_word' id='word_1_43' title='bbox 1140 412 1300 455; x_wconf 88' lang='lat' dir='ltr'>erunt.&#39;</span> 
     </span>
     <span class='ocr_line' id='line_1_7' title="bbox 134 473 1058 525; baseline 0.001 -13"><span class='ocrx_word' id='word_1_44' title='bbox 134 473 301 513; x_wconf 83' lang='lat' dir='ltr'>Vocibus</span> <span class='ocrx_word' id='word_1_45' title='bbox 332 474 511 513; x_wconf 89' lang='lat' dir='ltr'>Evander</span> <span class='ocrx_word' id='word_1_46' title='bbox 542 475 692 513; x_wconf 86' lang='lat' dir='ltr'>firmata</span> <span class='ocrx_word' id='word_1_47' title='bbox 723 480 852 513; x_wconf 88' lang='lat' dir='ltr'>mente</span> <span class='ocrx_word' id='word_1_48' title='bbox 885 475 1058 525; x_wconf 84' lang='lat' dir='ltr'>parentis</span> 
     </span>
     <span class='ocr_line' id='line_1_8' title="bbox 192 532 1136 584; baseline 0 -14"><span class='ocrx_word' id='word_1_49' title='bbox 192 532 296 570; x_wconf 88' lang='lat' dir='ltr'>Nave</span> <span class='ocrx_word' id='word_1_50' title='bbox 329 538 435 571; x_wconf 84' lang='lat' dir='ltr'>secat</span> <span class='ocrx_word' id='word_1_51' title='bbox 464 532 636 584; x_wconf 83' lang='lat' dir='ltr'>fluctus,</span> <span class='ocrx_word' id='word_1_52' title='bbox 668 532 974 583; x_wconf 89' lang='lat' dir='ltr'>Hesperiamque</span> <span class='ocrx_word' id='word_1_53' title='bbox 1008 537 1136 571; x_wconf 89' lang='lat' dir='ltr'>tenet.</span> 
     </span>
     <span class='ocr_line' id='line_1_9' title="bbox 133 589 1301 640; baseline -0.001 -12"><span class='ocrx_word' id='word_1_54' title='bbox 133 589 291 640; x_wconf 87' lang='lat' dir='ltr'>Iamque</span> <span class='ocrx_word' id='word_1_55' title='bbox 322 596 445 629; x_wconf 90' lang='lat' dir='ltr'>ratem</span> <span class='ocrx_word' id='word_1_56' title='bbox 477 590 614 629; x_wconf 83' lang='lat' dir='ltr'>doctae</span> <span class='ocrx_word' id='word_1_57' title='bbox 646 592 796 629; x_wconf 89' lang='lat' dir='ltr'>monitu</span> <span class='ocrx_word' id='word_1_58' title='bbox 829 590 1045 629; x_wconf 79' lang='lat' dir='ltr'>Carmentis</span> <span class='ocrx_word' id='word_1_59' title='bbox 1076 591 1116 628; x_wconf 91' lang='lat' dir='ltr'>in</span> <span class='ocrx_word' id='word_1_60' title='bbox 1149 601 1301 628; x_wconf 88' lang='lat' dir='ltr'>amnem</span> 
     </span>
     <span class='ocr_line' id='line_1_10' title="bbox 48 647 1050 700; baseline 0 -14"><span class='ocrx_word' id='word_1_61' title='bbox 48 655 113 686; x_wconf 87' lang='lat'>500</span> <span class='ocrx_word' id='word_1_62' title='bbox 192 647 334 698; x_wconf 86' lang='lat' dir='ltr'>Egerat</span> <span class='ocrx_word' id='word_1_63' title='bbox 352 680 363 700; x_wconf 87' lang='lat'><em>‚</em></span> <span class='ocrx_word' id='word_1_64' title='bbox 396 654 435 687; x_wconf 91' lang='lat' dir='ltr'>et</span> <span class='ocrx_word' id='word_1_65' title='bbox 465 648 604 687; x_wconf 86' lang='lat' dir='ltr'>Tuscis</span> <span class='ocrx_word' id='word_1_66' title='bbox 636 648 772 687; x_wconf 87' lang='lat' dir='ltr'>obvius</span> <span class='ocrx_word' id='word_1_67' title='bbox 804 648 884 687; x_wconf 89' lang='lat' dir='ltr'>ibat</span> <span class='ocrx_word' id='word_1_68' title='bbox 915 649 1050 699; x_wconf 88' lang='lat' dir='ltr'>aquis.</span> 
     </span>
     <span class='ocr_line' id='line_1_11' title="bbox 136 704 1302 758; baseline -0.001 -14"><span class='ocrx_word' id='word_1_69' title='bbox 136 705 326 744; x_wconf 88' lang='lat' dir='ltr'>Fluminis</span> <span class='ocrx_word' id='word_1_70' title='bbox 357 706 419 744; x_wconf 90' lang='lat' dir='ltr'>illa</span> <span class='ocrx_word' id='word_1_71' title='bbox 451 706 551 745; x_wconf 88' lang='lat' dir='ltr'>latus</span> <span class='ocrx_word' id='word_1_72' title='bbox 570 737 581 758; x_wconf 86' lang='lat'>,</span> <span class='ocrx_word' id='word_1_73' title='bbox 613 708 676 745; x_wconf 85' lang='lat' dir='ltr'>cui</span> <span class='ocrx_word' id='word_1_74' title='bbox 708 712 800 745; x_wconf 88' lang='lat' dir='ltr'>sunt</span> <span class='ocrx_word' id='word_1_75' title='bbox 831 706 923 744; x_wconf 88' lang='lat' dir='ltr'>vada</span> <span class='ocrx_word' id='word_1_76' title='bbox 955 707 1087 744; x_wconf 87' lang='lat' dir='ltr'>iuncta</span> <span class='ocrx_word' id='word_1_77' title='bbox 1119 704 1302 756; x_wconf 81' lang='lat' dir='ltr'>Tarenti,</span> 
     </span>
     <span class='ocr_line' id='line_1_12' title="bbox 192 763 1086 815; baseline 0 -14"><span class='ocrx_word' id='word_1_78' title='bbox 192 764 341 814; x_wconf 82' lang='lat' dir='ltr'>Aspicit</span> <span class='ocrx_word' id='word_1_79' title='bbox 373 770 412 803; x_wconf 90' lang='lat' dir='ltr'>et</span> <span class='ocrx_word' id='word_1_80' title='bbox 443 776 596 815; x_wconf 87' lang='lat' dir='ltr'>sparsas</span> <span class='ocrx_word' id='word_1_81' title='bbox 628 776 697 815; x_wconf 92' lang='lat' dir='ltr'>per</span> <span class='ocrx_word' id='word_1_82' title='bbox 728 764 812 802; x_wconf 87' lang='lat' dir='ltr'>loca</span> <span class='ocrx_word' id='word_1_83' title='bbox 844 763 923 802; x_wconf 86' lang='lat' dir='ltr'>sola</span> <span class='ocrx_word' id='word_1_84' title='bbox 956 775 1086 814; x_wconf 84' lang='lat' dir='ltr'>casas3</span> 
     </span>
     <span class='ocr_line' id='line_1_13' title="bbox 135 820 1289 874; baseline -0.002 -14"><span class='ocrx_word' id='word_1_85' title='bbox 135 821 262 872; x_wconf 87' lang='lat' dir='ltr'>thue</span> <span class='ocrx_word' id='word_1_86' title='bbox 296 828 408 874; x_wconf 82' lang='lat' dir='ltr'>erat,</span> <span class='ocrx_word' id='word_1_87' title='bbox 438 823 623 861; x_wconf 87' lang='lat' dir='ltr'>immissis</span> <span class='ocrx_word' id='word_1_88' title='bbox 653 833 825 872; x_wconf 87' lang='lat' dir='ltr'>puppem</span> <span class='ocrx_word' id='word_1_89' title='bbox 857 822 965 859; x_wconf 88' lang='lat' dir='ltr'>stetit</span> <span class='ocrx_word' id='word_1_90' title='bbox 997 826 1084 858; x_wconf 87' lang='lat' dir='ltr'>ante</span> <span class='ocrx_word' id='word_1_91' title='bbox 1118 820 1289 871; x_wconf 79' lang='lat' dir='ltr'>capillis,</span> 
     </span>
     <span class='ocr_line' id='line_1_14' title="bbox 194 879 1132 930; baseline -0.002 -12"><span class='ocrx_word' id='word_1_92' title='bbox 194 879 471 930; x_wconf 86' lang='lat' dir='ltr'>Continuitque</span> <span class='ocrx_word' id='word_1_93' title='bbox 503 891 659 918; x_wconf 87' lang='lat' dir='ltr'>manum</span> <span class='ocrx_word' id='word_1_94' title='bbox 692 885 800 917; x_wconf 88' lang='lat' dir='ltr'>torva</span> <span class='ocrx_word' id='word_1_95' title='bbox 831 879 1002 929; x_wconf 86' lang='lat' dir='ltr'>regentis</span> <span class='ocrx_word' id='word_1_96' title='bbox 1033 879 1132 917; x_wconf 88' lang='lat' dir='ltr'>iter.</span> 
     </span>
     <span class='ocr_line' id='line_1_15' title="bbox 49 935 1295 988; baseline -0.001 -13"><span class='ocrx_word' id='word_1_97' title='bbox 49 945 114 976; x_wconf 84' lang='lat'>505</span> <span class='ocrx_word' id='word_1_98' title='bbox 136 936 185 975; x_wconf 88' lang='lat' dir='ltr'>Et</span> <span class='ocrx_word' id='word_1_99' title='bbox 216 937 353 988; x_wconf 90' lang='lat' dir='ltr'>procul</span> <span class='ocrx_word' id='word_1_100' title='bbox 384 938 424 975; x_wconf 89' lang='lat' dir='ltr'>in</span> <span class='ocrx_word' id='word_1_101' title='bbox 456 937 631 975; x_wconf 79' lang='lat' dir='ltr'>dextram</span> <span class='ocrx_word' id='word_1_102' title='bbox 662 936 827 976; x_wconf 88' lang='lat' dir='ltr'>tendens</span> <span class='ocrx_word' id='word_1_103' title='bbox 858 948 927 975; x_wconf 89' lang='lat' dir='ltr'>sua</span> <span class='ocrx_word' id='word_1_104' title='bbox 958 935 1140 974; x_wconf 86' lang='lat' dir='ltr'>bracchia</span> <span class='ocrx_word' id='word_1_105' title='bbox 1172 937 1295 987; x_wconf 84' lang='lat' dir='ltr'>ripam</span> 
     </span>
     <span class='ocr_line' id='line_1_16' title="bbox 193 994 1049 1045; baseline -0.001 -12"><span class='ocrx_word' id='word_1_106' title='bbox 193 994 310 1033; x_wconf 82' lang='lat' dir='ltr'>Pinea</span> <span class='ocrx_word' id='word_1_107' title='bbox 342 1007 419 1033; x_wconf 90' lang='lat' dir='ltr'>non</span> <span class='ocrx_word' id='word_1_108' title='bbox 452 1007 544 1033; x_wconf 88' lang='lat' dir='ltr'>sano</span> <span class='ocrx_word' id='word_1_109' title='bbox 576 1000 637 1033; x_wconf 85' lang='lat' dir='ltr'>ter</span> <span class='ocrx_word' id='word_1_110' title='bbox 667 994 766 1045; x_wconf 90' lang='lat' dir='ltr'>pede</span> <span class='ocrx_word' id='word_1_111' title='bbox 798 1000 902 1033; x_wconf 86' lang='lat' dir='ltr'>texta</span> <span class='ocrx_word' id='word_1_112' title='bbox 934 994 1049 1045; x_wconf 82' lang='lat' dir='ltr'>ferit3</span> 
     </span>
     <span class='ocr_line' id='line_1_17' title="bbox 133 1052 1193 1104; baseline -0.001 -13"><span class='ocrx_word' id='word_1_113' title='bbox 133 1052 237 1091; x_wconf 85' lang='lat' dir='ltr'>Neve</span> <span class='ocrx_word' id='word_1_114' title='bbox 269 1053 379 1091; x_wconf 87' lang='lat' dir='ltr'>daret</span> <span class='ocrx_word' id='word_1_115' title='bbox 410 1053 550 1092; x_wconf 87' lang='lat' dir='ltr'>saltum</span> <span class='ocrx_word' id='word_1_116' title='bbox 581 1064 796 1104; x_wconf 87' lang='lat' dir='ltr'>properans</span> <span class='ocrx_word' id='word_1_117' title='bbox 827 1053 1008 1091; x_wconf 84' lang='lat' dir='ltr'>insistere</span> <span class='ocrx_word' id='word_1_118' title='bbox 1040 1057 1193 1103; x_wconf 87' lang='lat' dir='ltr'>terrae,</span> 
     </span>
     <span class='ocr_line' id='line_1_18' title="bbox 192 1109 1079 1161; baseline 0.001 -14"><span class='ocrx_word' id='word_1_119' title='bbox 192 1109 262 1148; x_wconf 84' lang='lat' dir='ltr'>Vix</span> <span class='ocrx_word' id='word_1_120' title='bbox 295 1116 354 1149; x_wconf 88' lang='lat' dir='ltr'>est</span> <span class='ocrx_word' id='word_1_121' title='bbox 385 1110 554 1150; x_wconf 84' lang='lat' dir='ltr'>Evandri</span> <span class='ocrx_word' id='word_1_122' title='bbox 584 1112 724 1161; x_wconf 85' lang='lat' dir='ltr'>vixque</span> <span class='ocrx_word' id='word_1_123' title='bbox 758 1115 908 1148; x_wconf 85' lang='lat' dir='ltr'>retenta</span> <span class='ocrx_word' id='word_1_124' title='bbox 940 1122 1079 1149; x_wconf 85' lang='lat' dir='ltr'>manu.</span> 
     </span>
     <span class='ocr_line' id='line_1_19' title="bbox 137 1165 1144 1219; baseline 0 -13"><span class='ocrx_word' id='word_1_125' title='bbox 137 1165 304 1219; x_wconf 76' lang='lat' dir='ltr'>‘Di’que</span> <span class='ocrx_word' id='word_1_126' title='bbox 337 1165 589 1219; x_wconf 72' lang='lat' dir='ltr'>‘petitorum&#39;</span> <span class='ocrx_word' id='word_1_127' title='bbox 623 1168 718 1206; x_wconf 81' lang='lat' dir='ltr'>dixit</span> <span class='ocrx_word' id='word_1_128' title='bbox 751 1165 913 1206; x_wconf 71' lang='lat' dir='ltr'>‘salvete</span> <span class='ocrx_word' id='word_1_129' title='bbox 945 1168 1144 1216; x_wconf 81' lang='lat' dir='ltr'>locorum,</span> 
     </span>
     <span class='ocr_line' id='line_1_20' title="bbox 49 1225 1074 1277; baseline 0 -13"><span class='ocrx_word' id='word_1_130' title='bbox 49 1233 115 1265; x_wconf 85' lang='lat'>510</span> <span class='ocrx_word' id='word_1_131' title='bbox 193 1226 331 1277; x_wconf 87' lang='lat' dir='ltr'>Tuque</span> <span class='ocrx_word' id='word_1_132' title='bbox 364 1238 483 1264; x_wconf 92' lang='lat' dir='ltr'>novos</span> <span class='ocrx_word' id='word_1_133' title='bbox 516 1226 620 1264; x_wconf 87' lang='lat' dir='ltr'>caelo</span> <span class='ocrx_word' id='word_1_134' title='bbox 652 1231 757 1264; x_wconf 87' lang='lat' dir='ltr'>terra</span> <span class='ocrx_word' id='word_1_135' title='bbox 789 1225 924 1264; x_wconf 86' lang='lat' dir='ltr'>datura</span> <span class='ocrx_word' id='word_1_136' title='bbox 956 1225 1074 1276; x_wconf 87' lang='lat' dir='ltr'>deos,</span> 
     </span>
     <span class='ocr_line' id='line_1_21' title="bbox 133 1282 1343 1335; baseline -0.001 -13"><span class='ocrx_word' id='word_1_137' title='bbox 133 1283 389 1335; x_wconf 88' lang='lat' dir='ltr'>Fluminaque</span> <span class='ocrx_word' id='word_1_138' title='bbox 421 1289 459 1322; x_wconf 92' lang='lat' dir='ltr'>et</span> <span class='ocrx_word' id='word_1_139' title='bbox 490 1284 646 1335; x_wconf 87' lang='lat' dir='ltr'>fontes,</span> <span class='ocrx_word' id='word_1_140' title='bbox 684 1283 826 1335; x_wconf 88' lang='lat' dir='ltr'>quibus</span> <span class='ocrx_word' id='word_1_141' title='bbox 863 1285 988 1322; x_wconf 87' lang='lat' dir='ltr'>utitur</span> <span class='ocrx_word' id='word_1_142' title='bbox 1025 1283 1176 1334; x_wconf 79' lang='lat' dir='ltr'>hospita</span> <span class='ocrx_word' id='word_1_143' title='bbox 1209 1282 1343 1334; x_wconf 71' lang='lat' dir='ltr'>tellus,</span> 
     </span>
     <span class='ocr_line' id='line_1_22' title="bbox 193 1340 1156 1393; baseline -0.001 -13"><span class='ocrx_word' id='word_1_144' title='bbox 193 1342 242 1381; x_wconf 90' lang='lat' dir='ltr'>Et</span> <span class='ocrx_word' id='word_1_145' title='bbox 273 1353 478 1381; x_wconf 89' lang='lat' dir='ltr'>nemorum</span> <span class='ocrx_word' id='word_1_146' title='bbox 510 1342 700 1393; x_wconf 87' lang='lat' dir='ltr'>nymphae</span> <span class='ocrx_word' id='word_1_147' title='bbox 732 1341 992 1392; x_wconf 88' lang='lat' dir='ltr'>naiadumque</span> <span class='ocrx_word' id='word_1_148' title='bbox 1025 1340 1156 1380; x_wconf 82' lang='lat' dir='ltr'>chori!</span> 
     </span>
     <span class='ocr_line' id='line_1_23' title="bbox 134 1399 1069 1451; baseline 0 -13"><span class='ocrx_word' id='word_1_149' title='bbox 134 1399 226 1438; x_wconf 90' lang='lat' dir='ltr'>Este</span> <span class='ocrx_word' id='word_1_150' title='bbox 259 1399 372 1438; x_wconf 90' lang='lat' dir='ltr'>bonis</span> <span class='ocrx_word' id='word_1_151' title='bbox 403 1400 537 1438; x_wconf 89' lang='lat' dir='ltr'>avibus</span> <span class='ocrx_word' id='word_1_152' title='bbox 568 1401 640 1438; x_wconf 90' lang='lat' dir='ltr'>visi</span> <span class='ocrx_word' id='word_1_153' title='bbox 671 1405 840 1450; x_wconf 86' lang='lat' dir='ltr'>natoque</span> <span class='ocrx_word' id='word_1_154' title='bbox 872 1400 1069 1451; x_wconf 87' lang='lat' dir='ltr'>mihique,</span> 
     </span>
     <span class='ocr_line' id='line_1_24' title="bbox 193 1456 979 1509; baseline -0.001 -13"><span class='ocrx_word' id='word_1_155' title='bbox 193 1458 368 1509; x_wconf 86' lang='lat' dir='ltr'>Ripaque</span> <span class='ocrx_word' id='word_1_156' title='bbox 401 1458 504 1496; x_wconf 85' lang='lat' dir='ltr'>felici</span> <span class='ocrx_word' id='word_1_157' title='bbox 536 1463 637 1496; x_wconf 87' lang='lat' dir='ltr'>tacta</span> <span class='ocrx_word' id='word_1_158' title='bbox 669 1459 720 1496; x_wconf 87' lang='lat' dir='ltr'>sit</span> <span class='ocrx_word' id='word_1_159' title='bbox 750 1459 823 1496; x_wconf 87' lang='lat' dir='ltr'>ista</span> <span class='ocrx_word' id='word_1_160' title='bbox 854 1456 979 1507; x_wconf 83' lang='lat' dir='ltr'>pede!</span> 
     </span>
     <span class='ocr_line' id='line_1_25' title="bbox 49 1514 1128 1567; baseline 0 -14"><span class='ocrx_word' id='word_1_161' title='bbox 49 1523 114 1554; x_wconf 86' lang='lat'>515</span> <span class='ocrx_word' id='word_1_162' title='bbox 134 1515 291 1567; x_wconf 80' lang='lat' dir='ltr'>Pallor,</span> <span class='ocrx_word' id='word_1_163' title='bbox 323 1527 370 1554; x_wconf 91' lang='lat' dir='ltr'>an</span> <span class='ocrx_word' id='word_1_164' title='bbox 402 1515 442 1554; x_wconf 90' lang='lat' dir='ltr'>hi</span> <span class='ocrx_word' id='word_1_165' title='bbox 473 1516 567 1553; x_wconf 86' lang='lat' dir='ltr'>fient</span> <span class='ocrx_word' id='word_1_166' title='bbox 597 1516 769 1566; x_wconf 86' lang='lat' dir='ltr'>ingentia</span> <span class='ocrx_word' id='word_1_167' title='bbox 801 1516 953 1553; x_wconf 87' lang='lat' dir='ltr'>moenia</span> <span class='ocrx_word' id='word_1_168' title='bbox 985 1514 1128 1566; x_wconf 79' lang='lat' dir='ltr'>colles,</span> 
     </span>
     <span class='ocr_line' id='line_1_26' title="bbox 192 1570 1150 1624; baseline 0 -13"><span class='ocrx_word' id='word_1_169' title='bbox 192 1573 359 1624; x_wconf 85' lang='lat' dir='ltr'>luraque</span> <span class='ocrx_word' id='word_1_170' title='bbox 392 1573 439 1612; x_wconf 88' lang='lat' dir='ltr'>ab</span> <span class='ocrx_word' id='word_1_171' title='bbox 470 1573 542 1611; x_wconf 86' lang='lat' dir='ltr'>hac</span> <span class='ocrx_word' id='word_1_172' title='bbox 574 1578 678 1611; x_wconf 87' lang='lat' dir='ltr'>terra</span> <span class='ocrx_word' id='word_1_173' title='bbox 711 1579 840 1612; x_wconf 84' lang='lat' dir='ltr'>cetera</span> <span class='ocrx_word' id='word_1_174' title='bbox 872 1578 977 1612; x_wconf 84' lang='lat' dir='ltr'>terra</span> <span class='ocrx_word' id='word_1_175' title='bbox 1007 1570 1150 1624; x_wconf 85' lang='lat' dir='ltr'>petet‘?</span> 
     </span>
     <span class='ocr_line' id='line_1_27' title="bbox 134 1630 1120 1682; baseline 0 -12"><span class='ocrx_word' id='word_1_176' title='bbox 134 1631 330 1670; x_wconf 85' lang='lat' dir='ltr'>Montibus</span> <span class='ocrx_word' id='word_1_177' title='bbox 361 1631 422 1670; x_wconf 89' lang='lat' dir='ltr'>his</span> <span class='ocrx_word' id='word_1_178' title='bbox 455 1631 546 1670; x_wconf 88' lang='lat' dir='ltr'>olim</span> <span class='ocrx_word' id='word_1_179' title='bbox 578 1636 683 1670; x_wconf 90' lang='lat' dir='ltr'>totus</span> <span class='ocrx_word' id='word_1_180' title='bbox 714 1632 958 1682; x_wconf 87' lang='lat' dir='ltr'>promittitur</span> <span class='ocrx_word' id='word_1_181' title='bbox 990 1630 1120 1670; x_wconf 88' lang='lat' dir='ltr'>orbis.</span> 
     </span>
     <span class='ocr_line' id='line_1_28' title="bbox 195 1685 1108 1735; baseline -0.001 -7"><span class='ocrx_word' id='word_1_182' title='bbox 195 1689 290 1735; x_wconf 87' lang='lat' dir='ltr'>Quis</span> <span class='ocrx_word' id='word_1_183' title='bbox 322 1695 472 1729; x_wconf 85' lang='lat' dir='ltr'>tantum</span> <span class='ocrx_word' id='word_1_184' title='bbox 504 1690 572 1728; x_wconf 88' lang='lat' dir='ltr'>fati</span> <span class='ocrx_word' id='word_1_185' title='bbox 603 1689 736 1728; x_wconf 89' lang='lat' dir='ltr'>credat</span> <span class='ocrx_word' id='word_1_186' title='bbox 766 1688 910 1728; x_wconf 85' lang='lat' dir='ltr'>habere</span> <span class='ocrx_word' id='word_1_187' title='bbox 941 1685 1108 1728; x_wconf 84' lang='lat' dir='ltr'>locum?</span> 
     </span>
     <span class='ocr_line' id='line_1_29' title="bbox 134 1747 1163 1798; baseline -0.001 -12"><span class='ocrx_word' id='word_1_188' title='bbox 134 1747 184 1786; x_wconf 90' lang='lat' dir='ltr'>Et</span> <span class='ocrx_word' id='word_1_189' title='bbox 214 1749 289 1786; x_wconf 89' lang='lat' dir='ltr'>iam</span> <span class='ocrx_word' id='word_1_190' title='bbox 320 1747 532 1786; x_wconf 86' lang='lat' dir='ltr'>Dardaniae</span> <span class='ocrx_word' id='word_1_191' title='bbox 564 1752 723 1798; x_wconf 84' lang='lat' dir='ltr'>tangent</span> <span class='ocrx_word' id='word_1_192' title='bbox 753 1747 848 1786; x_wconf 88' lang='lat' dir='ltr'>haec</span> <span class='ocrx_word' id='word_1_193' title='bbox 879 1747 992 1786; x_wconf 89' lang='lat' dir='ltr'>litora</span> <span class='ocrx_word' id='word_1_194' title='bbox 1023 1748 1163 1797; x_wconf 90' lang='lat' dir='ltr'>pinus.</span> 
     </span>
     <span class='ocr_line' id='line_1_30' title="bbox 49 1805 1188 1857; baseline -0.003 -12"><span class='ocrx_word' id='word_1_195' title='bbox 49 1814 114 1845; x_wconf 79' lang='lat'>520</span> <span class='ocrx_word' id='word_1_196' title='bbox 194 1805 266 1844; x_wconf 86' lang='lat' dir='ltr'>Hic</span> <span class='ocrx_word' id='word_1_197' title='bbox 298 1817 452 1857; x_wconf 87' lang='lat' dir='ltr'>quoque</span> <span class='ocrx_word' id='word_1_198' title='bbox 485 1817 600 1844; x_wconf 87' lang='lat' dir='ltr'>causa</span> <span class='ocrx_word' id='word_1_199' title='bbox 631 1806 721 1844; x_wconf 92' lang='lat' dir='ltr'>novi</span> <span class='ocrx_word' id='word_1_200' title='bbox 751 1806 893 1844; x_wconf 84' lang='lat' dir='ltr'>femina</span> <span class='ocrx_word' id='word_1_201' title='bbox 924 1807 1060 1844; x_wconf 88' lang='lat' dir='ltr'>martis</span> <span class='ocrx_word' id='word_1_202' title='bbox 1092 1806 1188 1843; x_wconf 88' lang='lat' dir='ltr'>erit.</span> 
     </span>
     <span class='ocr_line' id='line_1_31' title="bbox 136 1860 1219 1915; baseline -0.001 -13"><span class='ocrx_word' id='word_1_203' title='bbox 136 1863 230 1902; x_wconf 91' lang='lat' dir='ltr'>Care</span> <span class='ocrx_word' id='word_1_204' title='bbox 263 1875 385 1915; x_wconf 88' lang='lat' dir='ltr'>nepos</span> <span class='ocrx_word' id='word_1_205' title='bbox 404 1896 414 1915; x_wconf 85' lang='lat'><em>‚</em></span> <span class='ocrx_word' id='word_1_206' title='bbox 445 1863 548 1902; x_wconf 87' lang='lat' dir='ltr'>Palla</span> <span class='ocrx_word' id='word_1_207' title='bbox 567 1893 578 1914; x_wconf 84' lang='lat'><em>‚</em></span> <span class='ocrx_word' id='word_1_208' title='bbox 610 1863 762 1902; x_wconf 85' lang='lat' dir='ltr'>funesta</span> <span class='ocrx_word' id='word_1_209' title='bbox 795 1863 887 1914; x_wconf 87' lang='lat' dir='ltr'>quid</span> <span class='ocrx_word' id='word_1_210' title='bbox 918 1863 1049 1902; x_wconf 91' lang='lat' dir='ltr'>induis</span> <span class='ocrx_word' id='word_1_211' title='bbox 1081 1860 1219 1901; x_wconf 74' lang='lat' dir='ltr'>arma?</span> 
     </span>
     <span class='ocr_line' id='line_1_32' title="bbox 193 1921 1112 1960; baseline -0.001 0"><span class='ocrx_word' id='word_1_212' title='bbox 193 1921 343 1960; x_wconf 86' lang='lat' dir='ltr'>Indue!</span> <span class='ocrx_word' id='word_1_213' title='bbox 381 1934 458 1960; x_wconf 92' lang='lat' dir='ltr'>non</span> <span class='ocrx_word' id='word_1_214' title='bbox 491 1921 628 1960; x_wconf 88' lang='lat' dir='ltr'>humili</span> <span class='ocrx_word' id='word_1_215' title='bbox 659 1921 810 1959; x_wconf 82' lang='lat' dir='ltr'>vindice</span> <span class='ocrx_word' id='word_1_216' title='bbox 844 1932 980 1960; x_wconf 88' lang='lat' dir='ltr'>caesus</span> <span class='ocrx_word' id='word_1_217' title='bbox 1013 1922 1112 1959; x_wconf 88' lang='lat' dir='ltr'>eris.</span> 
     </span>
     <span class='ocr_line' id='line_1_33' title="bbox 136 1978 1222 2031; baseline -0.001 -13"><span class='ocrx_word' id='word_1_218' title='bbox 136 1979 242 2018; x_wconf 87' lang='lat' dir='ltr'>Victa</span> <span class='ocrx_word' id='word_1_219' title='bbox 274 1986 402 2018; x_wconf 88' lang='lat' dir='ltr'>tamen</span> <span class='ocrx_word' id='word_1_220' title='bbox 434 1981 595 2031; x_wconf 89' lang='lat' dir='ltr'>vinces,</span> <span class='ocrx_word' id='word_1_221' title='bbox 628 1991 838 2030; x_wconf 83' lang='lat' dir='ltr'>eversaque</span> <span class='ocrx_word' id='word_1_222' title='bbox 871 1978 987 2017; x_wconf 87' lang='lat' dir='ltr'>Troia</span> <span class='ocrx_word' id='word_1_223' title='bbox 1018 1990 1222 2030; x_wconf 80' lang='lat' dir='ltr'>resurges:</span> 
     </span>
     <span class='ocr_line' id='line_1_34' title="bbox 194 2037 963 2077; baseline -0.001 -1"><span class='ocrx_word' id='word_1_224' title='bbox 194 2037 334 2076; x_wconf 90' lang='lat' dir='ltr'>Obruit</span> <span class='ocrx_word' id='word_1_225' title='bbox 364 2038 526 2077; x_wconf 87' lang='lat' dir='ltr'>hostiles</span> <span class='ocrx_word' id='word_1_226' title='bbox 557 2039 631 2076; x_wconf 85' lang='lat' dir='ltr'>ista</span> <span class='ocrx_word' id='word_1_227' title='bbox 662 2039 774 2076; x_wconf 85' lang='lat' dir='ltr'>ruina</span> <span class='ocrx_word' id='word_1_228' title='bbox 806 2037 963 2075; x_wconf 89' lang='lat' dir='ltr'>domos.</span> 
     </span>
     <span class='ocr_line' id='line_1_35' title="bbox 49 2093 1127 2147; baseline 0 -14"><span class='ocrx_word' id='word_1_229' title='bbox 49 2102 114 2134; x_wconf 79' lang='lat'>525</span> <span class='ocrx_word' id='word_1_230' title='bbox 134 2095 242 2135; x_wconf 88' lang='lat' dir='ltr'>Urite</span> <span class='ocrx_word' id='word_1_231' title='bbox 275 2097 454 2135; x_wconf 88' lang='lat' dir='ltr'>victrices</span> <span class='ocrx_word' id='word_1_232' title='bbox 485 2096 679 2147; x_wconf 86' lang='lat' dir='ltr'>Neptunia</span> <span class='ocrx_word' id='word_1_233' title='bbox 710 2095 896 2145; x_wconf 83' lang='lat' dir='ltr'>Pergama</span> <span class='ocrx_word' id='word_1_234' title='bbox 928 2093 1127 2133; x_wconf 84' lang='lat' dir='ltr'>flammae!</span> 
     </span>
     <span class='ocr_line' id='line_1_36' title="bbox 193 2153 1189 2193; baseline -0.001 -1"><span class='ocrx_word' id='word_1_235' title='bbox 193 2153 294 2192; x_wconf 87' lang='lat' dir='ltr'>Num</span> <span class='ocrx_word' id='word_1_236' title='bbox 325 2156 454 2193; x_wconf 90' lang='lat' dir='ltr'>minus</span> <span class='ocrx_word' id='word_1_237' title='bbox 486 2154 549 2193; x_wconf 86' lang='lat' dir='ltr'>hic</span> <span class='ocrx_word' id='word_1_238' title='bbox 581 2159 661 2192; x_wconf 90' lang='lat' dir='ltr'>toto</span> <span class='ocrx_word' id='word_1_239' title='bbox 696 2159 754 2192; x_wconf 85' lang='lat' dir='ltr'>est</span> <span class='ocrx_word' id='word_1_240' title='bbox 785 2154 898 2192; x_wconf 89' lang='lat' dir='ltr'>altior</span> <span class='ocrx_word' id='word_1_241' title='bbox 930 2153 1024 2191; x_wconf 86' lang='lat' dir='ltr'>orbe</span> <span class='ocrx_word' id='word_1_242' title='bbox 1057 2153 1189 2192; x_wconf 83' lang='lat' dir='ltr'>cinis?</span> 
     </span>
     <span class='ocr_line' id='line_1_37' title="bbox 134 2211 1253 2264; baseline 0 -14"><span class='ocrx_word' id='word_1_243' title='bbox 134 2211 212 2250; x_wconf 88' lang='lat' dir='ltr'>Iam</span> <span class='ocrx_word' id='word_1_244' title='bbox 244 2213 332 2262; x_wconf 91' lang='lat' dir='ltr'>pius</span> <span class='ocrx_word' id='word_1_245' title='bbox 363 2213 511 2251; x_wconf 87' lang='lat' dir='ltr'>Aeneas</span> <span class='ocrx_word' id='word_1_246' title='bbox 543 2224 651 2251; x_wconf 89' lang='lat' dir='ltr'>sacra</span> <span class='ocrx_word' id='word_1_247' title='bbox 684 2218 751 2264; x_wconf 83' lang='lat' dir='ltr'>et,</span> <span class='ocrx_word' id='word_1_248' title='bbox 783 2223 891 2250; x_wconf 88' lang='lat' dir='ltr'>sacra</span> <span class='ocrx_word' id='word_1_249' title='bbox 924 2211 1042 2250; x_wconf 86' lang='lat' dir='ltr'>altera</span> <span class='ocrx_word' id='word_1_250' title='bbox 1061 2243 1072 2263; x_wconf 86' lang='lat'><em>‚</em></span> <span class='ocrx_word' id='word_1_251' title='bbox 1103 2217 1253 2261; x_wconf 88' lang='lat' dir='ltr'>patrem</span> 
     </span>
     <span class='ocr_line' id='line_1_38' title="bbox 192 2269 1076 2322; baseline 0 -14"><span class='ocrx_word' id='word_1_252' title='bbox 192 2270 380 2310; x_wconf 81' lang='lat' dir='ltr'>Adferet:</span> <span class='ocrx_word' id='word_1_253' title='bbox 424 2270 560 2309; x_wconf 87' lang='lat' dir='ltr'>Iliacos</span> <span class='ocrx_word' id='word_1_254' title='bbox 593 2272 724 2321; x_wconf 82' lang='lat' dir='ltr'>accipe</span> <span class='ocrx_word' id='word_1_255' title='bbox 743 2301 754 2322; x_wconf 91' lang='lat'><em>‚</em></span> <span class='ocrx_word' id='word_1_256' title='bbox 785 2269 899 2308; x_wconf 87' lang='lat' dir='ltr'>Vesta</span> <span class='ocrx_word' id='word_1_257' title='bbox 918 2301 929 2322; x_wconf 85' lang='lat'><em>,</em></span> <span class='ocrx_word' id='word_1_258' title='bbox 961 2269 1076 2308; x_wconf 87' lang='lat' dir='ltr'>deos.</span> 
     </span>
    </p>
   </div>
   <div class='ocr_carea' id='block_1_3' title="bbox 1067 2335 1136 2369">
    <p class='ocr_par' dir='ltr' id='par_1_3' title="bbox 1067 2335 1136 2369">
     <span class='ocr_line' id='line_1_39' title="bbox 1067 2335 1136 2369; baseline 0 0"><span class='ocrx_word' id='word_1_259' title='bbox 1067 2335 1136 2369; x_wconf 76' lang='lat'>15*</span> 
     </span>
    </p>
   </div>
  </div>
 </body>
</html>
