1601 2484
576 85 620 118 11.
649 87 844 119 432-504.
1321 85 1378 127 35

161 191 246 230 Non
278 192 419 242 timui,
451 192 603 243 fateor,
635 204 714 244 ne,
747 205 821 243 qua
852 197 910 232 tot
940 194 1020 231 iere
1053 193 1230 245 carinae,

75 257 142 289 470
162 249 355 299 Naufraga
386 251 548 288 servatis
581 250 761 289 omnibus
793 263 869 289 una
901 251 1025 290 foret.

163 307 262 346 Sunt
292 307 377 346 aliis
409 309 576 358 scriptae
598 339 609 359 ,
640 308 783 358 quibus
815 309 894 347 alea
927 309 1105 361 luditur,
1138 314 1265 349 artes:
1290 331 1348 338 —-

161 365 244 403 Hoc
276 371 335 404 est
366 365 412 403 ad
444 371 601 404 nostros
633 378 710 404 non
742 366 825 406 leve
858 369 1007 406 crimen
1039 380 1130 406 avos
1159 389 1209 395 ——

162 423 262 469 Quid
295 422 445 462 valeant
477 423 570 475 tali,
603 436 680 474 quo
712 427 840 475 possis
870 425 1038 476 plurima
1068 427 1171 464 iactu

160 481 326 532 Figere,
359 481 565 520 damnosos
598 483 837 534 effugiasque
871 495 1009 531 canes,

73 547 141 580 475
161 540 326 578 Tessera
357 552 455 590 quos
486 539 626 579 habeat
657 553 842 580 numeros
860 573 871 594 ,
903 542 1069 580 distante
1104 547 1237 580 vocato

160 597 315 636 Mittere
348 610 425 648 quo
458 598 623 651 deceat,
655 611 731 649 quo
765 599 857 638 dare
888 601 1005 638 missa
1037 600 1177 650 modo,

161 655 337 695 Discolor
370 662 413 694 ut
443 662 551 695 recto
584 662 785 707 grassetur
816 657 936 696 limite
969 657 1108 709 miles,

161 713 257 752 Cum
289 714 440 752 medius
472 716 626 765 gemino
659 715 831 753 calculus
863 715 974 753 hoste
1007 717 1135 767 perit,

159 769 189 822 †
220 771 270 810 Ut
301 784 406 810 mare
440 772 534 810 velle
567 784 736 823 sequens
769 774 866 811 sciat
902 778 941 811 et
978 784 1162 811 revocare
1204 775 1376 824 priorem

76 838 140 870 480
160 829 241 868 Nec
273 836 356 868 tuto
389 831 542 880 fugiens
573 832 822 869 incomitatus
855 836 940 882 eat,

159 888 279 926 Parva
312 889 362 926 sit
393 894 437 926 ut
468 889 590 927 ternis
621 890 812 927 instructa
843 888 983 927 tabella
1014 888 1153 940 lapillis
1173 920 1184 941 ,

159 946 203 984 In
236 957 311 996 qua
342 947 481 984 vicisse
514 952 573 985 est
604 948 851 985 continuasse
885 959 1000 999 suos,

161 1004 313 1054 Quique
355 1004 419 1042 alii
456 1004 566 1043 lusus
607 1026 655 1031 —
697 1017 825 1056 neque
871 1007 974 1044 enim
1017 1017 1122 1044 nunc
1162 1018 1376 1057 persequar

720 1075 855 1101 omnes
886 1085 934 1090 —

160 1119 329 1159 Perdere
360 1133 444 1160 rem
476 1132 604 1159 caram
623 1152 634 1172 ,
665 1126 840 1172 tempora
872 1128 1034 1173 nostra,
1067 1122 1216 1161 solent.

78 1186 144 1218 485
165 1178 267 1216 Ecce
300 1180 402 1217 canit
434 1179 577 1217 formas
609 1179 706 1217 alius
738 1181 940 1230 iactusque
971 1179 1165 1231 pilarum,

161 1236 232 1274 Hic
264 1242 387 1274 artem
418 1237 536 1275 nandi
566 1238 784 1289 praecipit,
816 1237 879 1276 ille
911 1238 1061 1276 trochi.

162 1294 382 1345 Composita
414 1302 473 1333 est
504 1294 587 1333 aliis
620 1296 775 1334 fucandi
807 1308 900 1334 cura
933 1296 1099 1348 coloris,

159 1351 230 1390 Hic
263 1352 387 1403 epulis
418 1353 523 1404 leges
554 1353 800 1404 hospitioque
833 1353 964 1405 dedit3

159 1410 266 1448 Alter
297 1409 459 1449 humum
478 1442 489 1462 ,
521 1411 568 1449 de
601 1423 675 1461 qua
708 1412 903 1462 fingantur
934 1412 1072 1463 pocula
1092 1444 1102 1464 ,
1135 1419 1348 1465 monstrat,

72 1476 138 1507 490
160 1468 344 1519 Quaeque
363 1499 374 1519 ,
406 1469 550 1520 docet,
582 1468 729 1519 liquido
762 1476 860 1508 testa
893 1472 943 1508 sit
974 1476 1061 1521 apta
1095 1483 1226 1510 mero,

159 1526 264 1564 Talia
295 1526 485 1565 luduntur
516 1527 669 1566 fumoso
701 1539 833 1566 mense
867 1527 1096 1580 Decembri,

160 1584 265 1629 Quae
298 1585 437 1623 damno
470 1585 565 1623 nulli
598 1587 864 1636 composuisse
896 1587 991 1625 fuit.

158 1642 227 1681 His
259 1655 329 1693 ego
362 1643 549 1694 deceptus
581 1655 658 1682 non
691 1645 816 1682 tristia
849 1646 1020 1683 carmina
1052 1646 1151 1697 feci,

160 1700 234 1739 Sed
267 1703 391 1739 tristis
422 1707 579 1740 nostros
610 1714 735 1752 poena
767 1710 899 1741 secuta
932 1705 1060 1742 iocos.

71 1767 136 1798 495
157 1758 330 1810 Denique
363 1771 435 1798 nec
467 1759 578 1798 video
610 1760 657 1799 de
690 1766 747 1799 tot
778 1760 1042 1800 scribentibus
1074 1774 1220 1814 unum,

158 1817 281 1863 Quem
314 1829 383 1856 sua
413 1818 628 1869 perdiderit
658 1818 797 1871 Musa,
829 1825 1011 1870 repertus
1043 1832 1138 1871 ege.

158 1875 288 1927 Quid,
320 1877 354 1913 si
386 1878 631 1927 scripsissem
663 1879 801 1916 mimos
834 1878 1003 1917 obscena
1034 1880 1231 1931 iocantes,

157 1934 232 1979 Qui
263 1945 418 1984 semper
449 1936 557 1973 vetiti
589 1937 738 1974 crimen
771 1938 913 1975 amoris
945 1935 1125 1976 hahent?

156 1991 198 2030 In
231 1991 373 2042 quibus
405 1993 559 2032 assidue
592 1994 719 2033 cultus
751 1994 930 2045 procedit
961 1995 1136 2047 adulter,

70 2058 136 2090 500
156 2049 359 2101 Verbaque
392 2051 456 2090 dat
488 2051 607 2090 stulto
640 2053 776 2091 callida
806 2059 928 2105 nupta
960 2055 1064 2094 viro.

155 2108 306 2147 Nubilis
337 2108 408 2148 hos
440 2110 548 2161 virgo
580 2116 834 2162 matronaque
867 2113 1003 2162 virque
1035 2123 1213 2163 puerque

156 2166 342 2218 Spectat,
374 2173 413 2207 et
445 2180 491 2206 ex
523 2180 659 2220 magna
690 2175 800 2221 parte
833 2175 992 2209 senatus
1025 2170 1159 2209 adest.

154 2225 234 2264 Nec
266 2227 358 2264 satis
389 2227 550 2265 incestis
583 2230 765 2266 temerari
798 2227 958 2267 vocibus
991 2240 1130 2280 aures;

155 2283 402 2323 Adsuescunt
432 2285 535 2324 oculi
567 2286 686 2325 multa
718 2286 898 2337 pudenda
929 2288 1035 2337 pati:

1111 2355 1158 2386 3*
