1575 2489
182 112 265 154 158
725 113 788 145 Ex
812 112 969 145 PONTo

781 242 907 289 VIII.

297 336 487 375 Redditus
520 342 580 374 est
611 335 724 374 nobis
757 335 897 375 Caesar
929 348 1017 375 cum
1049 335 1212 375 Caesare
1244 347 1392 388 nuper,

361 394 466 439 Quos
499 394 593 432 mihi
626 395 793 446 misisti,
825 394 988 432 Maxime
1021 393 1161 446 Cotta,
1194 394 1310 432 deos.

298 451 425 502 thue
458 458 569 490 tuum
596 464 738 491 munus
764 464 995 504 numerum,
1021 464 1136 503 quem
1163 451 1301 504 debet,
1326 450 1508 502 haberet,

357 510 428 549 Est
458 509 512 549 ibi
544 509 774 549 Caesaribus
805 510 912 549 Livia
942 512 1074 549 iuncta
1105 512 1212 549 suis.

258 577 277 607 5
299 569 513 619 Argentum
545 568 635 606 felix
668 570 850 619 omnique
883 568 1035 607 beatius
1067 581 1185 620 aur0,

358 626 467 672 Quod
488 657 498 677 ,
531 627 650 665 suerit
680 628 851 677 pretium
883 639 972 665 cum
1003 626 1101 665 rude
1120 658 1131 678 ,
1163 638 1307 665 numen
1338 625 1479 665 habet.

298 684 381 722 Non
416 685 510 722 mihi
542 684 693 723 divitias
726 684 850 723 dando
884 686 1028 723 maiora
1059 684 1257 735 dedisses,

357 742 569 781 Caelitibus
601 744 731 781 missis
762 749 895 781 nostra
929 742 1001 782 sub
1034 754 1101 781 ora
1133 742 1281 781 tribus.

297 800 367 839 Est
398 801 540 851 aliquid
559 833 569 852 ,
602 807 778 852 spectare
811 801 904 839 deos
936 807 976 840 et
1006 801 1141 839 adesse
1173 807 1334 851 putare,

237 867 277 898 10
356 858 406 897 Et
438 860 549 909 quasi
581 871 669 898 cum
701 871 793 898 vero
825 861 984 898 numine
1016 871 1130 910 posse
1162 858 1292 909 loqui.

300 916 496 962 Quantum
528 929 651 970 aveo,
682 917 811 969 redii,
852 930 924 956 nec
962 930 1023 956 me
1056 923 1164 956 tenet
1201 917 1335 955 ultima
1372 914 1508 967 tellus,

357 975 484 1026 thue
517 977 626 1026 prius
645 1007 656 1028 ,
688 976 814 1014 media
846 988 980 1027 sospes
1011 977 1051 1014 in
1083 975 1187 1014 Urbe
1220 986 1375 1013 moror.

300 1033 510 1072 Caesareos
542 1034 652 1072 video
686 1033 844 1085 vultus,
876 1034 981 1072 velut
1013 1040 1101 1072 ante
1134 1032 1335 1072 videbam:

357 1091 427 1129 Vix
459 1091 576 1130 huius
608 1092 686 1129 voti
718 1104 807 1142 spes
840 1093 914 1130 fuit
944 1092 1021 1130 ulla
1053 1092 1171 1130 mihi.

238 1158 277 1187 15
301 1149 426 1200 thue
460 1149 672 1188 salutabam
705 1161 849 1188 numen
882 1150 1047 1188 caeleste
1067 1181 1077 1201 ,
1109 1149 1256 1188 saluto.

358 1207 468 1253 Quod
502 1207 638 1246 reduci
670 1207 848 1259 tribuas,
882 1208 964 1260 nil,
996 1214 1119 1259 puto,
1151 1209 1276 1246 maius
1308 1205 1452 1246 habes.

298 1265 399 1310 Quid
432 1267 578 1304 nostris
611 1265 734 1304 oculis
766 1268 841 1304 nisi
874 1265 953 1305 sola
985 1266 1128 1305 Palatia
1160 1263 1336 1304 desunt?

356 1323 431 1368 Qui
462 1324 571 1363 locus
591 1356 601 1376 ,
634 1323 759 1362 ablato
793 1324 955 1363 Caesare
975 1356 985 1376 ,
1018 1324 1102 1363 vilis
1135 1325 1231 1363 erit.

298 1381 412 1421 Hunc
451 1394 521 1433 ego
560 1394 648 1421 cum
687 1389 889 1435 spectem,
929 1383 1062 1422 videor
1100 1382 1195 1421 mihi
1232 1392 1393 1421 cernere

1023 1441 1207 1492 Romam3
1452 1447 1509 1480 (62)

234 1506 278 1538 20
356 1498 452 1537 Nam
484 1500 630 1550 patriae
663 1499 800 1537 faciem
833 1500 1000 1538 sustinet
1030 1499 1094 1538 ille
1127 1511 1241 1537 suae.

298 1556 426 1595 Fallor
443 1587 454 1606 ,
486 1569 534 1595 an
566 1559 654 1595 irati
686 1557 780 1595 mihi
813 1563 904 1596 sunt
934 1559 974 1595 in
1006 1558 1171 1608 imagine
1204 1556 1356 1607 vultus,

361 1614 563 1665 Torvaquc
596 1616 727 1653 nescio
761 1615 853 1665 quid
886 1616 1008 1653 forma
1040 1616 1224 1654 minantis
1256 1611 1405 1653 habet?

299 1672 449 1725 Parce,
480 1674 538 1711 vir
569 1674 746 1711 inmenso
778 1675 901 1711 maior
933 1673 1142 1712 virtutibus
1174 1672 1292 1724 orbe,

358 1731 540 1782 Iustaque
573 1731 765 1770 vindictae
798 1733 996 1782 supprime
1030 1733 1139 1770 frena
1170 1737 1282 1770 tuae.

236 1797 278 1828 25
300 1789 420 1828 Parce
440 1821 450 1841 ,
482 1801 622 1840 precor
642 1820 652 1840 ,
685 1789 800 1828 saecli
832 1790 952 1829 decus
984 1789 1190 1829 indelebile
1223 1790 1370 1841 nostri,

360 1848 571 1886 Terrarum
603 1848 803 1887 dominum
836 1860 950 1899 quem
984 1861 1053 1887 sua
1086 1860 1178 1887 cura
1211 1848 1323 1886 facit.

298 1906 374 1944 Por
405 1907 552 1956 patriae
584 1918 726 1945 nomen
745 1938 756 1958 ,
795 1918 892 1957 quae
924 1913 962 1946 te
996 1907 1065 1945 tibi
1097 1908 1222 1945 carior
1252 1907 1336 1957 ipso
1367 1910 1450 1955 est,

358 1964 434 2003 Per
465 1976 677 2016 numquam
710 1965 849 2003 surdos
880 1966 920 2003 in
952 1970 1018 2004 tua
1050 1972 1136 2004 vota
1168 1965 1284 2015 deos,

298 2022 452 2073 Perque
485 2024 560 2062 tori
593 2024 765 2074 sociam,
797 2035 895 2074 quae
927 2035 997 2074 par
1028 2023 1098 2062 tibi
1130 2023 1211 2062 sola
1242 2026 1397 2074 reperta
1427 2025 1508 2071 est,

235 2089 278 2120 30
358 2080 407 2119 Et
439 2082 503 2120 cui
534 2083 714 2120 maiestas
747 2093 824 2120 non
857 2093 1020 2120 onerosa
1052 2087 1118 2120 tua
1150 2087 1231 2121 est:

298 2139 453 2190 Perque
486 2139 557 2178 tibi
589 2139 754 2178 similem
785 2141 941 2178 virtutis
972 2141 1139 2191 imagine
1170 2146 1327 2190 natum,

359 2197 534 2237 Moribus
566 2198 750 2248 adgnosci
781 2200 847 2248 qui
879 2203 970 2237 tuus
1003 2210 1087 2236 esse
1120 2203 1278 2249 potest,

298 2255 452 2306 Perque
484 2263 572 2295 tuos
603 2256 664 2295 vel
695 2269 763 2295 avo
797 2256 933 2307 dignos
952 2288 963 2309 ,
995 2256 1054 2295 vel
1085 2263 1194 2308 patre
1226 2260 1411 2306 nepotes,

358 2314 433 2360 Qui
465 2316 626 2354 veniunt
658 2327 795 2365 magno
827 2327 898 2366 per
929 2320 995 2354 tua
1026 2315 1131 2354 iussa
1163 2314 1307 2366 gradu:
