1601 2484
211 76 266 117 66
767 75 992 108 TRISTIUM

331 185 396 223 llla
428 184 511 222 dies
543 184 701 232 veniet,
740 193 825 220 mea
856 194 931 232 qua
962 181 1141 232 lugubria
1172 194 1334 234 ponam,

333 242 533 292 Causaque
566 241 715 291 privata
747 239 902 291 publica
933 241 1055 278 maior
1087 241 1183 279 erit.

840 367 922 414 III.

333 473 467 524 Magna
499 473 704 522 minorque
736 471 840 510 ferae
857 502 868 523 ,
901 483 1068 522 quarum
1100 473 1203 522 regis
1237 471 1356 510 altera
1391 471 1538 522 Graias,

335 531 465 570 Altera
499 531 676 569 Sidonias
695 560 706 581 ,
741 535 904 580 utraque
937 530 1038 568 sicca
1056 560 1067 581 ,
1099 537 1227 582 rates,

335 590 472 628 Omnia
504 600 593 628 cum
625 599 775 626 summo
807 589 955 638 positae
987 587 1149 626 videatis
1179 589 1219 626 in
1251 599 1344 639 axe,

334 647 384 687 Et
415 649 531 686 maris
564 646 746 685 occiduas
778 657 855 684 non
888 644 1059 684 subeatis
1091 657 1233 697 aquaS,

294 714 314 745 5
335 706 634 756 Aetheriamque
667 705 748 743 suis
780 705 941 754 cingens
973 703 1213 754 amplexibus
1245 714 1374 741 arcem

337 764 474 803 Vester
506 763 552 802 ab
584 765 727 802 intacta
759 761 931 800 circulus
963 766 1068 800 extet
1099 761 1242 813 humo,

337 824 506 874 Aspicite
533 821 618 871 illa,
644 832 808 872 precor,
836 831 934 870 quae
958 831 1035 857 non
1060 818 1159 857 bene
1186 819 1337 857 moenia
1358 817 1552 868 quondam

338 881 487 919 Dicitur
519 879 657 918 Iliades
689 878 932 917 transiluisse
964 877 1132 930 Remus,

340 940 460 990 [nque
493 950 617 976 meam
650 936 793 976 nitidos
825 936 1019 974 dominam
1051 937 1266 974 convertite
1298 934 1453 985 vultus,

277 1005 318 1036 10
339 997 476 1048 Sitque
507 1007 656 1034 memor
688 996 811 1033 nostri
844 1006 966 1033 necne
985 1025 996 1045 ,
1028 993 1172 1032 referte
1203 993 1319 1031 mihi.

338 1055 384 1094 Ei
416 1055 538 1105 mihi,
571 1065 640 1092 cur
674 1054 790 1091 timeo
810 1050 831 1091 ?
863 1064 960 1103 quae
989 1058 1079 1090 sunt
1110 1052 1338 1101 manifesta,
1370 1048 1553 1101 requiro!

341 1114 418 1153 Cur
450 1115 550 1151 iacet
581 1111 760 1161 ambiguo
793 1122 882 1161 spes
915 1122 999 1148 mea
1031 1111 1149 1148 mixta
1181 1107 1322 1148 metu?

341 1170 494 1222 Crede,
527 1169 628 1220 quod
662 1174 721 1207 est
753 1173 791 1207 et
822 1169 908 1219 vis,
940 1180 984 1206 ac
1016 1167 1150 1206 desine
1182 1172 1265 1206 tuta
1298 1167 1449 1219 vereri,

340 1230 473 1280 Deque
506 1228 579 1266 fide
612 1233 717 1266 certa
750 1228 801 1265 sit
832 1225 902 1264 tibi
935 1231 1040 1264 certa
1072 1225 1193 1264 fides.

280 1294 320 1326 15
343 1287 532 1338 Quodque
565 1285 652 1336 polo
686 1286 782 1324 fixae
815 1289 1016 1335 nequeunt
1048 1283 1118 1322 tibi
1149 1283 1279 1322 dicere
1311 1282 1510 1334 flammae,

341 1346 427 1385 Non
459 1346 670 1384 mentitura
702 1348 745 1382 tu
776 1342 848 1382 tibi
880 1354 973 1381 voce
1005 1342 1131 1381 refer:

341 1404 438 1442 Esse
470 1405 527 1442 tui
557 1413 769 1441 memorem
788 1432 799 1452 ,
837 1400 884 1439 de
917 1413 992 1451 qua
1022 1400 1093 1439 tibi
1125 1401 1289 1438 maxima
1321 1411 1414 1438 cura
1446 1403 1529 1450 est,

344 1462 533 1512 Quodque
566 1466 722 1511 potest,
755 1470 889 1498 secum
921 1470 1061 1497 nomen
1094 1457 1238 1496 habere
1270 1462 1404 1495 tuum.

342 1520 520 1559 Vultihus
552 1519 612 1557 illa
646 1519 724 1557 tuis
757 1523 951 1567 tamquam
982 1517 1200 1567 praesentis
1231 1515 1431 1566 inhaeret,

279 1586 323 1617 20
343 1578 475 1628 Teque
508 1582 656 1615 remota
688 1575 854 1627 procul,
887 1577 919 1613 si
951 1574 1064 1613 modo
1097 1575 1218 1625 vivit,
1245 1578 1369 1612 amat.

343 1635 493 1686 Ecquid
513 1667 523 1687 ,
555 1634 622 1674 ubi
653 1633 833 1672 incubuit
863 1634 966 1672 iusto
998 1644 1109 1671 mens
1141 1644 1254 1682 aegra
1285 1631 1432 1681 dolori,

344 1694 460 1733 Lenis
493 1693 539 1731 ab
572 1692 767 1731 admonito
800 1697 959 1742 pectore
992 1703 1152 1729 somnus
1184 1687 1297 1729 abit?

344 1752 430 1791 Non
463 1751 633 1790 subeunt
665 1762 812 1801 curae,
845 1750 935 1788 dum
969 1754 1006 1788 te
1038 1749 1241 1799 lectusque
1273 1747 1460 1798 locusque

344 1811 484 1861 Tangit
515 1814 555 1848 et
585 1808 742 1847 oblitam
775 1819 850 1846 non
885 1808 976 1846 sinit
1007 1819 1093 1846 esse
1125 1804 1235 1845 mei?

281 1876 324 1907 25
345 1868 394 1907 Et
425 1869 586 1907 veniunt
617 1872 748 1905 aestus
767 1897 777 1917 ,
810 1871 848 1904 et
880 1878 955 1904 nox
986 1867 1161 1904 inmensa
1193 1863 1372 1915 videtur,

346 1926 541 1977 Fessaque
573 1926 703 1964 iactati
736 1925 912 1975 corporis
944 1935 1031 1962 ossa
1064 1920 1229 1962 dolent?

346 1985 431 2023 Non
465 1983 645 2035 equidem
678 1982 841 2034 dubito,
874 1983 968 2033 quin
1000 1981 1094 2020 haec
1127 1986 1166 2020 et
1197 1985 1327 2019 cetera
1359 1980 1475 2031 fiant,

347 2043 497 2094 Detque
528 2047 620 2081 tuus
652 2042 789 2081 maesti
821 2042 930 2091 signa
962 2039 1105 2078 doloris
1137 2051 1268 2091 amor,

346 2101 426 2140 Nec
459 2102 635 2140 cruciere
667 2100 825 2150 minus,
866 2110 982 2148 quam
1021 2109 1110 2136 eum
1142 2096 1325 2136 Thebana
1357 2100 1561 2135 cruentum

284 2168 327 2199 30
348 2159 515 2198 Hectora
547 2157 770 2196 Thessalico
801 2156 896 2195 vidit
928 2155 974 2194 ab
1007 2168 1076 2194 axe
1108 2157 1214 2206 rapi.

349 2217 449 2263 Quid
471 2223 598 2256 tamen
624 2217 708 2267 ipse
732 2227 895 2266 precer,
921 2213 1055 2253 dubito
1071 2243 1080 2253 .
1130 2226 1202 2252 nec
1228 2213 1358 2252 dicere
1385 2222 1563 2263 possum,

347 2276 537 2315 Affectum
572 2286 687 2326 quem
719 2279 757 2313 te
789 2274 930 2312 mentis
961 2271 1105 2311 habere
1138 2272 1274 2311 velim.
