1601 2484
605 74 633 103 1.
658 77 674 101 1
694 70 866 103 29—101.
1373 67 1399 110 3

121 182 165 215 65
184 172 314 224 Siquis
353 176 451 226 erit,
490 177 556 226 qui
593 180 655 226 te,
706 178 795 227 quia
822 177 875 215 sis
901 189 1040 228 meus,
1071 189 1158 216 esse
1189 176 1398 228 legendum

182 232 268 271 Non
301 238 410 284 putet
428 264 439 284 ,
472 245 492 271 e
524 234 672 284 gremio
704 236 917 285 reiciatque
951 247 1022 273 suo
1041 266 1052 287 ‚

183 288 363 342 ‘Inspice’
396 291 457 329 dic
489 288 690 331 ‘titulum.
741 305 818 331 non
852 305 937 331 sum
969 300 1200 345 praeceptor
1232 296 1396 333 amoris.

181 348 285 393 Quas
316 351 487 400 meruit,
520 361 665 400 poenas
696 352 772 388 iam
804 350 910 389 dedit
942 351 1035 389 illud
1069 364 1167 403 opus
1182 350 1206 391 .'

180 406 359 446 Forsitan
391 414 573 458 expectes
593 438 604 459 ,
635 420 682 446 an
715 410 755 446 in
787 408 860 447 alta
892 409 1029 459 palatia
1062 412 1225 449 missum

117 473 160 504 70
182 465 376 504 Scandere
410 470 446 503 te
479 465 632 504 iubeam
667 466 971 517 Caesareamque
1005 467 1197 507 domum?

179 522 386 574 Ignoscant
417 530 580 574 augusta
612 524 707 562 mihi
738 524 822 563 loca
853 525 970 576 dique
1001 525 1200 565 locorum!

178 581 292 620 Venit
322 583 362 620 in
394 580 467 620 hoc
499 582 562 620 iila
595 582 741 621 fulmen
774 582 820 621 ab
854 595 942 621 arce
975 590 1112 634 caput.

177 639 272 677 Esse
306 639 462 691 quidem
495 642 653 678 memini
680 642 884 679 mitissima
917 640 1076 680 sedibus
1107 642 1183 680 illis

176 697 370 737 Numina.
427 698 494 736 sed
527 700 673 750 timeo,
706 700 772 750 qui
804 711 1003 750 nocuere,
1036 699 1141 738 deos.

114 763 156 794 75
177 755 366 794 Terretur
399 757 557 794 minimo
589 769 738 807 pennae
772 757 939 795 stridore
974 757 1175 810 columba,

176 813 408 865 Unguibus,
441 816 655 864 accipiter,
688 816 817 852 saucia
849 815 947 853 facta
979 817 1079 854 tuis.

175 871 254 910 Nec
285 872 422 922 procul
455 884 474 910 a
507 872 668 911 stabulis
700 872 816 910 audet
847 873 1047 911 discedere
1067 905 1078 925 ,
1111 876 1220 926 siqua

174 929 346 968 Excussa
379 936 438 968 est
469 931 568 968 avidi
600 930 782 969 dentibus
817 943 912 981 agna
944 931 1048 982 lupi.

174 987 321 1026 Vitaret
353 988 500 1026 caelum
532 988 732 1026 Phaethon
751 1019 762 1040 ,
796 990 828 1027 si
860 990 1036 1042 viveret,
1069 996 1107 1029 et
1138 1003 1237 1042 quos

111 1054 154 1085 80
174 1046 335 1096 Optarat
367 1046 483 1084 stulte
503 1078 513 1097 ,
545 1052 704 1097 tangere
736 1047 855 1085 nollet
888 1059 1032 1098 equos.

174 1104 234 1141 Me
269 1116 454 1155 quoque,
486 1117 584 1155 quae
617 1106 752 1156 sensi,
784 1106 907 1144 fateor
940 1105 1039 1144 Iovis
1072 1118 1176 1145 arma
1209 1109 1359 1147 timere.

173 1162 233 1200 Me
265 1174 354 1200 reor
386 1163 527 1200 infesto
549 1194 560 1214 ,
595 1175 683 1201 cum
717 1169 851 1214 tonat,
883 1165 971 1214 igne
1004 1167 1108 1214 peti.

175 1219 419 1270 Quicumque
452 1220 630 1270 Argolica
662 1221 708 1259 de
742 1220 863 1259 classe
897 1221 1095 1272 Capherea
1126 1224 1248 1276 fugit,

174 1278 338 1328 Semper
369 1278 415 1316 ab
448 1277 632 1317 Euboicis
665 1278 746 1317 vela
778 1281 938 1318 retorsit
969 1282 1103 1331 aquis.

111 1345 152 1374 85
173 1335 223 1374 Et
254 1347 338 1374 mea
371 1336 510 1375 cumba
530 1368 541 1388 ,
574 1336 693 1375 semel
726 1343 830 1375 vasta
861 1350 1049 1387 percussa
1080 1340 1249 1389 procella

170 1393 281 1432 Illum
300 1424 311 1444 ,
344 1406 420 1444 quo
452 1394 555 1433 laesa
586 1400 675 1446 est,
707 1395 842 1433 horret
873 1396 978 1434 adire
1012 1396 1162 1436 locum.

169 1451 272 1502 Ergo
305 1463 394 1489 cave
413 1483 424 1503 ‚
456 1451 584 1503 liber,
617 1458 655 1490 et
686 1452 820 1491 timida
852 1455 1110 1505 circumspice
1143 1462 1296 1496 mente:

168 1509 219 1548 Ut
250 1511 342 1548 satis
375 1522 394 1548 a
427 1509 552 1548 media
584 1511 634 1548 sit
666 1510 736 1548 tibi
768 1510 879 1561 plebe
912 1511 1015 1562 legi.

170 1568 267 1606 Dum
299 1569 398 1619 petit
429 1568 595 1606 infirmis
626 1569 790 1607 nimituu
822 1569 1001 1608 sublimia
1034 1572 1173 1622 pennis

105 1634 147 1664 90
168 1626 328 1678 Icarus,
360 1628 565 1676 aequoreis
597 1628 753 1665 nomina
786 1628 878 1666 fecit
909 1630 1044 1678 aquis.

167 1684 328 1723 Difficile
361 1689 420 1722 est
453 1690 610 1736 tamen,
641 1685 732 1723 hinc
764 1687 882 1724 remis
915 1688 1036 1725 utaris
1068 1699 1116 1725 an
1148 1700 1240 1726 aura

166 1742 303 1781 Dicere
325 1771 333 1780 .
383 1742 587 1781 consilium
619 1755 761 1794 resque
793 1744 980 1794 locusque
1013 1745 1181 1785 dabunt.

167 1800 207 1839 Si
239 1801 387 1851 poteris
419 1813 539 1839 vacuo
572 1801 702 1852 tradi,
738 1803 772 1840 si
803 1808 942 1841 cuncta
975 1803 1124 1842 videbis

164 1859 269 1898 Mitia
287 1891 298 1910 ,
331 1860 364 1897 si
395 1860 498 1897 vires
529 1859 692 1910 fregerit
722 1861 779 1898 ira
811 1873 900 1899 suas
919 1893 929 1913 ,

101 1926 143 1957 95
166 1915 298 1967 Siquis
336 1918 431 1969 erit,
465 1919 534 1969 qui
569 1924 608 1957 te
640 1918 881 1958 dubitantem
938 1923 977 1957 et
1009 1919 1115 1959 adire
1148 1922 1349 1961 timentem

164 1975 335 2027 Tradat,
367 1981 407 2014 et
438 1980 527 2014 ante
560 1982 689 2015 tamen
720 1989 843 2027 pauca
875 1976 1084 2029 loquatur,
1116 1978 1203 2018 adi.

163 2033 268 2073 Luce
300 2033 400 2072 bona
433 2033 668 2085 dominoque
701 2040 768 2074 tuo
801 2035 951 2074 felicior
983 2037 1067 2087 ipso

162 2092 369 2131 Pervenias
399 2092 492 2131 illuc
525 2099 564 2131 et
594 2093 692 2131 mala
723 2099 856 2132 nostra
888 2093 1014 2132 leves.

162 2150 336 2201 Namque
370 2162 413 2188 ea
445 2151 505 2189 vel
536 2163 650 2189 nemo
670 2183 681 2203 ,
712 2151 771 2190 vel
804 2153 870 2203 qui
902 2151 996 2190 mihi
1029 2152 1188 2192 vulnera
1220 2154 1311 2193 fecit

76 2218 141 2249 100
163 2209 276 2247 Solus
308 2208 479 2247 Achilleo
512 2209 648 2248 tollere
680 2221 788 2249 more
820 2216 972 2261 potest.

162 2267 331 2306 Tantum
362 2279 410 2305 ne
443 2279 583 2306 noceas
602 2298 613 2320 ,
646 2268 737 2307 dum
769 2270 826 2307 vis
854 2268 1069 2321 prodesse,
1100 2269 1251 2309 videto!

1121 2335 1165 2369 1*
