1575 2489
555 89 592 121 V.
622 91 814 122 171-244.
1268 85 1350 127 109

198 194 357 240 Dulcior
387 195 451 233 hic
481 196 563 234 risu
595 200 689 234 tunc
721 194 815 233 mihi
846 194 961 233 fletus
993 195 1090 233 erit.

141 253 262 292 Natus
294 265 335 291 es
366 252 499 291 infelix
517 284 528 304 ,
554 275 596 279 —
622 255 675 291 ita
706 253 746 291 di
777 251 933 290 voluere
961 273 1004 278 —
1030 263 1102 290 nec
1133 251 1210 290 ulla

55 319 121 350 210
201 310 409 349 Commoda
440 312 616 349 nascenti
649 310 758 349 stella
788 310 930 348 levisve
962 310 1057 348 suit.

141 368 227 407 Non
259 368 387 407 Venus
420 367 593 419 affulsit,
625 380 701 406 non
734 367 796 406 illa
828 367 1001 418 Iuppiter
1032 367 1150 418 hora,

198 426 385 476 Lunaque
421 438 499 464 non
531 432 619 477 apto
652 425 786 476 solque
818 426 927 464 fuere
959 425 1071 476 loco,

141 483 221 522 Nec
253 486 346 522 satis
377 484 526 522 utiliter
557 485 705 534 positos
737 483 806 522 tibi
837 482 1017 534 praebuit
1047 484 1156 533 ignes

200 541 323 586 Quem
354 543 506 592 peperit
538 553 675 592 magno
708 541 834 579 lucida
866 540 962 578 Maia
994 539 1094 578 Iovi.

55 606 120 638 215
141 599 195 638 Te
227 601 308 637 fera
339 611 411 638 nec
444 601 650 650 quicquam
682 599 875 650 placidum
908 598 1138 649 spondentia
1169 596 1303 636 Martis

201 657 336 696 Sidera
367 664 598 708 presserunt
629 657 872 707 falciferique
904 657 1032 694 senis.

140 714 223 754 Lux
255 727 410 766 quoque
442 715 578 754 natalis
597 746 607 766 ,
639 727 687 753 ne
720 714 812 764 quid
843 715 919 752 nisi
949 715 1062 751 triste
1094 712 1268 765 videres,

199 773 341 823 Turpis
373 778 412 812 et
442 773 612 811 inductis
643 772 813 810 nubibus
844 777 928 810 atra
958 771 1054 809 fuit.

140 830 244 869 Haec
276 837 365 882 est,
396 833 436 869 in
468 832 576 869 fastis
609 831 672 868 cui
704 830 768 868 dat
799 830 924 880 gravis
955 828 1052 867 Allia
1083 840 1248 880 nomen,

54 895 120 926 220
199 888 383 939 Quaeque
416 889 498 927 dies
530 888 643 939 Ibin,
674 887 829 938 publica
861 886 1027 938 damna,
1058 886 1167 924 tulit.

141 945 215 990 Qui
246 946 360 984 simul
390 948 566 997 impurae
598 947 732 984 matris
763 944 968 996 prolapsus
1001 944 1047 982 ab
1080 944 1162 982 alvo
1294 952 1349 985 (11)

199 1003 425 1054 Cinyphiam
457 1004 568 1042 foedo
601 1015 765 1054 corpore
797 1004 942 1054 pressit
972 1002 1157 1053 humum,

142 1061 250 1100 Sedit
280 1064 320 1100 in
352 1062 511 1100 adverso
544 1068 762 1100 nocturnus
794 1060 963 1099 culmine
994 1059 1123 1112 bubo,

199 1119 457 1170 Funereoque
489 1132 624 1170 graves
657 1119 777 1158 edidit
808 1131 876 1157 ore
908 1130 1046 1157 sonos.

54 1183 120 1215 225
140 1177 325 1216 Protinus
357 1177 593 1216 Eumenides
623 1177 751 1216 lavere
782 1176 1022 1228 palustribus
1054 1176 1192 1228 undis,

199 1235 282 1280 Qua
314 1247 404 1274 cava
435 1235 482 1274 de
515 1235 657 1286 Stygiis
688 1235 853 1273 fluxerat
883 1234 986 1272 unda
1018 1234 1148 1282 vadis,

140 1293 380 1345 Pectoraque
412 1299 610 1332 unxerunt
640 1292 813 1331 Erebeae
845 1292 931 1331 felle
965 1291 1170 1344 colubrae,

199 1352 353 1402 Terque
385 1357 606 1390 cruentatas
637 1353 869 1401 increpuere
901 1362 1061 1389 manus.

142 1409 385 1460 Gutturaque
416 1409 637 1448 imbuerant
666 1409 827 1447 infantia
857 1408 956 1447 lacte
989 1409 1151 1446 canino:

54 1474 121 1505 230
201 1467 272 1505 Hic
304 1469 453 1518 primus
485 1469 598 1517 pueri
629 1468 734 1505 venit
764 1468 804 1505 in
836 1478 904 1504 ora
936 1465 1070 1504 cibus:

140 1525 314 1564 Perbibit
344 1525 433 1564 inde
466 1537 558 1564 suae
590 1524 737 1563 rabiem
769 1525 935 1563 nutricis
966 1523 1169 1575 alumnus,

199 1583 331 1622 Latrat
363 1589 401 1622 et
431 1585 470 1621 in
501 1588 583 1621 toto
615 1582 732 1620 verba
764 1584 900 1620 canina
932 1581 1040 1620 foro.

140 1640 388 1692 Membraque
420 1643 628 1679 vinxerunt
658 1641 792 1679 tinctis
824 1640 1022 1690 ferrugine
1054 1640 1215 1691 pannis,

198 1699 228 1737 A
260 1699 358 1738 male
389 1699 544 1738 deserto
578 1711 675 1749 quos
707 1710 873 1748 rapuere
904 1710 1023 1748 rogo:

55 1764 121 1794 235
141 1755 190 1795 Et
221 1769 269 1795 ne
301 1770 378 1795 non
410 1757 550 1796 fultum
582 1757 685 1796 nuda
716 1756 856 1795 tellure
887 1757 1055 1807 iaceret,

198 1814 311 1853 Molle
343 1827 461 1866 super
492 1815 621 1853 silices
652 1816 863 1865 inposuere
895 1819 1034 1865 caput.

140 1871 296 1923 Iamque
328 1885 555 1912 recessurae
588 1872 702 1911 viridi
733 1872 780 1911 de
812 1873 944 1923 stipite
977 1872 1095 1910 saetas

198 1931 414 1970 Admorunt
445 1931 578 1970 oculos
610 1943 735 1981 usque
768 1930 839 1969 sub
872 1942 939 1968 ora
971 1931 1098 1969 faces.

140 1987 302 2040 Flebat,
332 1994 377 2028 ut
409 1996 468 2029 est
498 1990 625 2028 infans
656 1989 772 2027 fumis
805 1993 1008 2027 contactus
1039 1988 1200 2038 amaris,

54 2053 121 2084 240
198 2046 252 2085 De
285 2047 409 2087 tribus
442 2053 501 2086 est
531 2059 621 2086 cum
653 2048 708 2086 sic
740 2059 816 2086 una
848 2046 977 2085 locuta
1009 2058 1143 2085 soror:

141 2100 325 2155 eTempus
356 2107 397 2144 in
427 2107 648 2145 inmensum
680 2105 858 2144 lacrimas
890 2104 962 2143 tibi
993 2105 1182 2143 movimus
1214 2105 1330 2155 istas,

199 2161 304 2206 Quae
336 2175 489 2215 semper
521 2175 637 2202 causa
668 2163 888 2202 sufficiente
921 2159 1087 2201 cadent.>

140 2218 324 2259 Dixerat.
374 2227 413 2260 at
443 2222 579 2261 Clotho
612 2223 727 2260 iussit
756 2222 948 2272 promissa
980 2220 1131 2272 valere,
1292 2228 1347 2259 (12)

197 2276 310 2316 Nevit
340 2284 379 2318 et
408 2280 548 2319 infesta
579 2281 742 2319 stamina
774 2279 877 2330 pulla
908 2290 1048 2329 manu;
