<?xml version="1.0" encoding="UTF-8"?>
<!DOCTYPE html PUBLIC "-//W3C//DTD XHTML 1.0 Transitional//EN"
    "http://www.w3.org/TR/xhtml1/DTD/xhtml1-transitional.dtd">
<html xmlns="http://www.w3.org/1999/xhtml" xml:lang="en" lang="en">
 <head>
  <title>
</title>
<meta http-equiv="Content-Type" content="text/html;charset=utf-8" />
  <meta name='ocr-system' content='tesseract 3.04.00' />
  <meta name='ocr-capabilities' content='ocr_page ocr_carea ocr_par ocr_line ocrx_word'/>
</head>
<body>
  <div class='ocr_page' id='page_1' title='image "./operaovid01oviduoft_0360.png"; bbox 0 0 1575 2489; ppageno 0'>
   <div class='ocr_carea' id='block_1_1' title="bbox 161 53 950 95">
    <p class='ocr_par' dir='ltr' id='par_1_1' title="bbox 161 53 950 95">
     <span class='ocr_line' id='line_1_1' title="bbox 161 53 950 95; baseline -0.013 0"><span class='ocrx_word' id='word_1_1' title='bbox 161 54 245 95; x_wconf 79' lang='lat'>312</span> <span class='ocrx_word' id='word_1_2' title='bbox 699 53 950 87; x_wconf 71' lang='lat' dir='ltr'><strong>FASTORL&#39;M</strong></span> 
     </span>
    </p>
   </div>
   <div class='ocr_carea' id='block_1_2' title="bbox 215 161 1487 2303">
    <p class='ocr_par' dir='ltr' id='par_1_2' title="bbox 215 161 1487 2303">
     <span class='ocr_line' id='line_1_2' title="bbox 339 161 1280 212; baseline -0.001 -12"><span class='ocrx_word' id='word_1_3' title='bbox 339 162 473 200; x_wconf 82' lang='lat' dir='ltr'>Sidera</span> <span class='ocrx_word' id='word_1_4' title='bbox 506 161 721 200; x_wconf 80' lang='lat' dir='ltr'>cedebant:</span> <span class='ocrx_word' id='word_1_5' title='bbox 764 174 833 212; x_wconf 90' lang='lat' dir='ltr'>par</span> <span class='ocrx_word' id='word_1_6' title='bbox 865 167 948 200; x_wconf 90' lang='lat' dir='ltr'>erat</span> <span class='ocrx_word' id='word_1_7' title='bbox 978 163 1102 200; x_wconf 90' lang='lat' dir='ltr'>omnis</span> <span class='ocrx_word' id='word_1_8' title='bbox 1133 161 1280 200; x_wconf 83' lang='lat' dir='ltr'>honos.</span> 
     </span>
     <span class='ocr_line' id='line_1_3' title="bbox 281 218 1409 273; baseline 0 -16"><span class='ocrx_word' id='word_1_9' title='bbox 281 221 401 273; x_wconf 80' lang='lat' dir='ltr'>Saepe</span> <span class='ocrx_word' id='word_1_10' title='bbox 435 219 574 269; x_wconf 86' lang='lat' dir='ltr'>aliquis</span> <span class='ocrx_word' id='word_1_11' title='bbox 606 219 730 269; x_wconf 85' lang='lat' dir='ltr'>solio,</span> <span class='ocrx_word' id='word_1_12' title='bbox 764 219 866 269; x_wconf 89' lang='lat' dir='ltr'>quod</span> <span class='ocrx_word' id='word_1_13' title='bbox 898 226 969 271; x_wconf 84' lang='lat' dir='ltr'>tu,</span> <span class='ocrx_word' id='word_1_14' title='bbox 1002 220 1166 258; x_wconf 78' lang='lat' dir='ltr'>Saturne</span> <span class='ocrx_word' id='word_1_15' title='bbox 1185 251 1195 271; x_wconf 84' lang='lat'><em>‚</em></span> <span class='ocrx_word' id='word_1_16' title='bbox 1227 218 1409 271; x_wconf 82' lang='lat' dir='ltr'><strong>tenebas,</strong></span> 
     </span>
     <span class='ocr_line' id='line_1_4' title="bbox 215 277 1164 326; baseline -0.001 -10"><span class='ocrx_word' id='word_1_17' title='bbox 215 286 259 316; x_wconf 82' lang='lat'>‘20</span> <span class='ocrx_word' id='word_1_18' title='bbox 339 279 466 315; x_wconf 80' lang='lat' dir='ltr'><strong>Ausus</strong></span> <span class='ocrx_word' id='word_1_19' title='bbox 500 277 546 315; x_wconf 90' lang='lat' dir='ltr'>de</span> <span class='ocrx_word' id='word_1_20' title='bbox 579 277 702 315; x_wconf 85' lang='lat' dir='ltr'>media</span> <span class='ocrx_word' id='word_1_21' title='bbox 734 277 844 326; x_wconf 82' lang='lat' dir='ltr'>plebe</span> <span class='ocrx_word' id='word_1_22' title='bbox 878 277 1014 315; x_wconf 88' lang='lat' dir='ltr'>sedere</span> <span class='ocrx_word' id='word_1_23' title='bbox 1046 277 1164 316; x_wconf 88' lang='lat' dir='ltr'>deus.</span> 
     </span>
     <span class='ocr_line' id='line_1_5' title="bbox 280 334 1428 386; baseline -0.001 -13"><span class='ocrx_word' id='word_1_24' title='bbox 280 335 358 373; x_wconf 81' lang='lat' dir='ltr'>Nec</span> <span class='ocrx_word' id='word_1_25' title='bbox 390 335 490 373; x_wconf 91' lang='lat' dir='ltr'>latus</span> <span class='ocrx_word' id='word_1_26' title='bbox 523 334 676 373; x_wconf 85' lang='lat' dir='ltr'>Oceano</span> <span class='ocrx_word' id='word_1_27' title='bbox 709 334 796 384; x_wconf 89' lang='lat' dir='ltr'>plus</span> <span class='ocrx_word' id='word_1_28' title='bbox 829 347 943 385; x_wconf 90' lang='lat' dir='ltr'>quam</span> <span class='ocrx_word' id='word_1_29' title='bbox 975 335 1070 374; x_wconf 89' lang='lat' dir='ltr'>deus</span> <span class='ocrx_word' id='word_1_30' title='bbox 1103 335 1247 373; x_wconf 77' lang='lat' dir='ltr'>advena</span> <span class='ocrx_word' id='word_1_31' title='bbox 1278 336 1428 386; x_wconf 79' lang='lat' dir='ltr'>iunxit,</span> 
     </span>
     <span class='ocr_line' id='line_1_6' title="bbox 338 393 1252 444; baseline 0.001 -14"><span class='ocrx_word' id='word_1_32' title='bbox 338 393 482 443; x_wconf 59' lang='lat' dir='ltr'>Tethys</span> <span class='ocrx_word' id='word_1_33' title='bbox 516 399 689 430; x_wconf 79' lang='lat' dir='ltr'>extremo</span> <span class='ocrx_word' id='word_1_34' title='bbox 723 404 836 443; x_wconf 82' lang='lat' dir='ltr'>saepe</span> <span class='ocrx_word' id='word_1_35' title='bbox 869 399 1023 444; x_wconf 87' lang='lat' dir='ltr'>recepta</span> <span class='ocrx_word' id='word_1_36' title='bbox 1055 393 1139 431; x_wconf 88' lang='lat' dir='ltr'>loco</span> <span class='ocrx_word' id='word_1_37' title='bbox 1171 398 1252 444; x_wconf 86' lang='lat' dir='ltr'>est,</span> 
     </span>
     <span class='ocr_line' id='line_1_7' title="bbox 279 450 1404 501; baseline 0 -13"><span class='ocrx_word' id='word_1_38' title='bbox 279 450 409 488; x_wconf 89' lang='lat' dir='ltr'>Donec</span> <span class='ocrx_word' id='word_1_39' title='bbox 441 450 572 488; x_wconf 88' lang='lat' dir='ltr'>Honor</span> <span class='ocrx_word' id='word_1_40' title='bbox 605 451 831 501; x_wconf 87' lang='lat' dir='ltr'>placidoque</span> <span class='ocrx_word' id='word_1_41' title='bbox 864 451 1006 489; x_wconf 87' lang='lat' dir='ltr'>decens</span> <span class='ocrx_word' id='word_1_42' title='bbox 1038 451 1267 490; x_wconf 88' lang='lat' dir='ltr'>Reverentia</span> <span class='ocrx_word' id='word_1_43' title='bbox 1298 450 1404 488; x_wconf 88' lang='lat' dir='ltr'>voltu</span> 
     </span>
     <span class='ocr_line' id='line_1_8' title="bbox 339 508 1151 559; baseline 0.002 -13"><span class='ocrx_word' id='word_1_44' title='bbox 339 508 509 559; x_wconf 86' lang='lat' dir='ltr'>Corpora</span> <span class='ocrx_word' id='word_1_45' title='bbox 541 508 722 558; x_wconf 83' lang='lat' dir='ltr'>legitimis</span> <span class='ocrx_word' id='word_1_46' title='bbox 752 511 960 559; x_wconf 82' lang='lat' dir='ltr'>inposuere</span> <span class='ocrx_word' id='word_1_47' title='bbox 992 511 1110 548; x_wconf 86' lang='lat' dir='ltr'>toris.</span> <span class='ocrx_word' id='word_1_48' title='bbox 1149 533 1151 535; x_wconf 96' lang='lat'>-</span> 
     </span>
     <span class='ocr_line' id='line_1_9' title="bbox 216 565 1487 618; baseline -0.001 -14"><span class='ocrx_word' id='word_1_49' title='bbox 216 574 258 604; x_wconf 75' lang='grc'>-25</span> <span class='ocrx_word' id='word_1_50' title='bbox 280 565 377 604; x_wconf 88' lang='lat' dir='ltr'>Hinc</span> <span class='ocrx_word' id='word_1_51' title='bbox 411 572 490 605; x_wconf 88' lang='lat' dir='ltr'>sata</span> <span class='ocrx_word' id='word_1_52' title='bbox 515 566 694 605; x_wconf 83' lang='lat' dir='ltr'>Maiestas</span> <span class='ocrx_word' id='word_1_53' title='bbox 711 598 721 617; x_wconf 84' lang='lat'><em>‚</em></span> <span class='ocrx_word' id='word_1_54' title='bbox 755 579 852 617; x_wconf 90' lang='lat' dir='ltr'>quae</span> <span class='ocrx_word' id='word_1_55' title='bbox 879 567 1066 606; x_wconf 88' lang='lat' dir='ltr'>mundum</span> <span class='ocrx_word' id='word_1_56' title='bbox 1092 573 1282 617; x_wconf 84' lang='lat' dir='ltr'>temperat</span> <span class='ocrx_word' id='word_1_57' title='bbox 1314 577 1487 618; x_wconf 88' lang='lat' dir='ltr'>omnem;</span> 
     </span>
     <span class='ocr_line' id='line_1_10' title="bbox 340 625 1284 676; baseline -0.001 -13"><span class='ocrx_word' id='word_1_58' title='bbox 340 625 499 675; x_wconf 86' lang='lat' dir='ltr'>Quaque</span> <span class='ocrx_word' id='word_1_59' title='bbox 533 625 592 662; x_wconf 88' lang='lat' dir='ltr'>die</span> <span class='ocrx_word' id='word_1_60' title='bbox 625 631 739 676; x_wconf 86' lang='lat' dir='ltr'>partu</span> <span class='ocrx_word' id='word_1_61' title='bbox 771 630 830 663; x_wconf 86' lang='lat' dir='ltr'>est</span> <span class='ocrx_word' id='word_1_62' title='bbox 861 625 960 664; x_wconf 85' lang='lat' dir='ltr'>edita</span> <span class='ocrx_word' id='word_1_63' title='bbox 980 657 990 676; x_wconf 83' lang='grc'>,</span> <span class='ocrx_word' id='word_1_64' title='bbox 1024 637 1158 676; x_wconf 88' lang='lat' dir='ltr'>magna</span> <span class='ocrx_word' id='word_1_65' title='bbox 1191 625 1284 663; x_wconf 85' lang='lat' dir='ltr'>fuit.</span> 
     </span>
     <span class='ocr_line' id='line_1_11' title="bbox 280 682 1296 734; baseline -0.001 -14"><span class='ocrx_word' id='word_1_66' title='bbox 280 682 358 721; x_wconf 79' lang='lat' dir='ltr'>Nec</span> <span class='ocrx_word' id='word_1_67' title='bbox 392 695 527 734; x_wconf 83' lang='lat' dir='ltr'>mora⁷</span> <span class='ocrx_word' id='word_1_68' title='bbox 561 683 737 721; x_wconf 82' lang='lat' dir='ltr'>consedit</span> <span class='ocrx_word' id='word_1_69' title='bbox 768 683 893 721; x_wconf 89' lang='lat' dir='ltr'>medio</span> <span class='ocrx_word' id='word_1_70' title='bbox 927 683 1102 722; x_wconf 90' lang='lat' dir='ltr'>sublimis</span> <span class='ocrx_word' id='word_1_71' title='bbox 1135 683 1296 734; x_wconf 81' lang='lat' dir='ltr'>Olympo</span> 
     </span>
     <span class='ocr_line' id='line_1_12' title="bbox 339 742 1174 792; baseline 0.001 -14"><span class='ocrx_word' id='word_1_72' title='bbox 339 742 494 791; x_wconf 87' lang='lat' dir='ltr'>Aurea,</span> <span class='ocrx_word' id='word_1_73' title='bbox 527 753 724 792; x_wconf 90' lang='lat' dir='ltr'>purpureo</span> <span class='ocrx_word' id='word_1_74' title='bbox 758 742 1031 792; x_wconf 86' lang='lat' dir='ltr'>conspicienda</span> <span class='ocrx_word' id='word_1_75' title='bbox 1063 743 1174 780; x_wconf 77' lang='lat' dir='ltr'>sinu,</span> 
     </span>
     <span class='ocr_line' id='line_1_13' title="bbox 283 797 1419 838; baseline -0.001 -2"><span class='ocrx_word' id='word_1_76' title='bbox 283 798 501 837; x_wconf 85' lang='lat' dir='ltr'>Consedere</span> <span class='ocrx_word' id='word_1_77' title='bbox 536 799 649 837; x_wconf 89' lang='lat' dir='ltr'>simul</span> <span class='ocrx_word' id='word_1_78' title='bbox 681 799 812 837; x_wconf 90' lang='lat' dir='ltr'>Pudor</span> <span class='ocrx_word' id='word_1_79' title='bbox 844 806 882 838; x_wconf 88' lang='lat' dir='ltr'>et</span> <span class='ocrx_word' id='word_1_80' title='bbox 912 799 1066 838; x_wconf 86' lang='lat' dir='ltr'>Metus.</span> <span class='ocrx_word' id='word_1_81' title='bbox 1123 811 1236 837; x_wconf 91' lang='lat' dir='ltr'>omne</span> <span class='ocrx_word' id='word_1_82' title='bbox 1268 797 1419 836; x_wconf 89' lang='lat' dir='ltr'>videres</span> 
     </span>
     <span class='ocr_line' id='line_1_14' title="bbox 218 857 1300 908; baseline 0 -14"><span class='ocrx_word' id='word_1_83' title='bbox 218 865 260 895; x_wconf 84' lang='lat'>30</span> <span class='ocrx_word' id='word_1_84' title='bbox 340 857 491 895; x_wconf 83' lang='lat' dir='ltr'>Numen</span> <span class='ocrx_word' id='word_1_85' title='bbox 524 857 569 895; x_wconf 87' lang='lat' dir='ltr'>ad</span> <span class='ocrx_word' id='word_1_86' title='bbox 602 857 699 895; x_wconf 87' lang='lat' dir='ltr'>hanc</span> <span class='ocrx_word' id='word_1_87' title='bbox 733 858 859 896; x_wconf 88' lang='lat' dir='ltr'>cultus</span> <span class='ocrx_word' id='word_1_88' title='bbox 891 859 1155 908; x_wconf 87' lang='lat' dir='ltr'>composuisse</span> <span class='ocrx_word' id='word_1_89' title='bbox 1189 868 1300 895; x_wconf 88' lang='lat' dir='ltr'>suos.</span> 
     </span>
     <span class='ocr_line' id='line_1_15' title="bbox 281 915 1318 966; baseline 0.001 -14"><span class='ocrx_word' id='word_1_90' title='bbox 281 915 462 953; x_wconf 79' lang='lat' dir='ltr'>Protinus</span> <span class='ocrx_word' id='word_1_91' title='bbox 495 917 652 954; x_wconf 80' lang='lat' dir='ltr'>intravit</span> <span class='ocrx_word' id='word_1_92' title='bbox 683 921 832 954; x_wconf 87' lang='lat' dir='ltr'>mentes</span> <span class='ocrx_word' id='word_1_93' title='bbox 865 922 1070 966; x_wconf 89' lang='lat' dir='ltr'>suspectus</span> <span class='ocrx_word' id='word_1_94' title='bbox 1102 916 1318 953; x_wconf 88' lang='lat' dir='ltr'>honorum:</span> 
     </span>
     <span class='ocr_line' id='line_1_16' title="bbox 340 973 1371 1025; baseline -0.001 -14"><span class='ocrx_word' id='word_1_95' title='bbox 340 973 400 1011; x_wconf 88' lang='lat' dir='ltr'>Fit</span> <span class='ocrx_word' id='word_1_96' title='bbox 431 976 600 1023; x_wconf 88' lang='lat' dir='ltr'>pretium</span> <span class='ocrx_word' id='word_1_97' title='bbox 633 974 787 1025; x_wconf 80' lang='lat' dir='ltr'>dignis,</span> <span class='ocrx_word' id='word_1_98' title='bbox 819 986 890 1012; x_wconf 85' lang='lat' dir='ltr'>nec</span> <span class='ocrx_word' id='word_1_99' title='bbox 922 974 995 1012; x_wconf 90' lang='lat' dir='ltr'>sibi</span> <span class='ocrx_word' id='word_1_100' title='bbox 1029 975 1192 1024; x_wconf 89' lang='lat' dir='ltr'>quisque</span> <span class='ocrx_word' id='word_1_101' title='bbox 1225 973 1371 1023; x_wconf 86' lang='lat' dir='ltr'>placet.</span> 
     </span>
     <span class='ocr_line' id='line_1_17' title="bbox 283 1031 1383 1082; baseline -0.001 -13"><span class='ocrx_word' id='word_1_102' title='bbox 283 1031 352 1069; x_wconf 89' lang='lat' dir='ltr'>llic</span> <span class='ocrx_word' id='word_1_103' title='bbox 386 1036 508 1069; x_wconf 86' lang='lat' dir='ltr'>status</span> <span class='ocrx_word' id='word_1_104' title='bbox 540 1033 578 1069; x_wconf 91' lang='lat' dir='ltr'>in</span> <span class='ocrx_word' id='word_1_105' title='bbox 611 1032 715 1069; x_wconf 88' lang='lat' dir='ltr'>caelo</span> <span class='ocrx_word' id='word_1_106' title='bbox 749 1032 890 1070; x_wconf 86' lang='lat' dir='ltr'>multos</span> <span class='ocrx_word' id='word_1_107' title='bbox 922 1034 1136 1082; x_wconf 83' lang='lat' dir='ltr'>permansit</span> <span class='ocrx_word' id='word_1_108' title='bbox 1166 1033 1206 1069; x_wconf 92' lang='lat' dir='ltr'>in</span> <span class='ocrx_word' id='word_1_109' title='bbox 1238 1042 1383 1082; x_wconf 88' lang='lat' dir='ltr'>annos,</span> 
     </span>
     <span class='ocr_line' id='line_1_18' title="bbox 340 1088 1165 1128; baseline 0.001 -2"><span class='ocrx_word' id='word_1_110' title='bbox 340 1088 438 1127; x_wconf 88' lang='lat' dir='ltr'>Dum</span> <span class='ocrx_word' id='word_1_111' title='bbox 472 1091 602 1127; x_wconf 86' lang='lat' dir='ltr'>senior</span> <span class='ocrx_word' id='word_1_112' title='bbox 634 1090 721 1127; x_wconf 82' lang='lat' dir='ltr'>satis</span> <span class='ocrx_word' id='word_1_113' title='bbox 754 1090 896 1128; x_wconf 83' lang='lat' dir='ltr'>excidit</span> <span class='ocrx_word' id='word_1_114' title='bbox 927 1102 1014 1127; x_wconf 86' lang='lat' dir='ltr'>arce</span> <span class='ocrx_word' id='word_1_115' title='bbox 1048 1090 1165 1128; x_wconf 90' lang='lat' dir='ltr'>deus.</span> 
     </span>
     <span class='ocr_line' id='line_1_19' title="bbox 219 1146 1391 1199; baseline 0 -15"><span class='ocrx_word' id='word_1_116' title='bbox 219 1155 260 1185; x_wconf 80' lang='lat'>35</span> <span class='ocrx_word' id='word_1_117' title='bbox 283 1147 403 1185; x_wconf 87' lang='lat' dir='ltr'>Terra</span> <span class='ocrx_word' id='word_1_118' title='bbox 435 1147 538 1185; x_wconf 86' lang='lat' dir='ltr'>feros</span> <span class='ocrx_word' id='word_1_119' title='bbox 570 1153 704 1197; x_wconf 84' lang='lat' dir='ltr'>partus</span> <span class='ocrx_word' id='word_1_120' title='bbox 723 1178 733 1198; x_wconf 85' lang='lat'><strong><em>,</em></strong></span> <span class='ocrx_word' id='word_1_121' title='bbox 766 1149 945 1185; x_wconf 88' lang='lat' dir='ltr'>immania</span> <span class='ocrx_word' id='word_1_122' title='bbox 977 1154 1178 1199; x_wconf 81' lang='lat' dir='ltr'>monstra,</span> <span class='ocrx_word' id='word_1_123' title='bbox 1210 1146 1391 1197; x_wconf 83' lang='lat' dir='ltr'>Gigantas</span> 
     </span>
     <span class='ocr_line' id='line_1_20' title="bbox 341 1205 1169 1244; baseline 0.001 -2"><span class='ocrx_word' id='word_1_124' title='bbox 341 1205 472 1243; x_wconf 86' lang='lat' dir='ltr'>Edidit</span> <span class='ocrx_word' id='word_1_125' title='bbox 504 1217 668 1244; x_wconf 89' lang='lat' dir='ltr'>ausuros</span> <span class='ocrx_word' id='word_1_126' title='bbox 699 1207 738 1243; x_wconf 90' lang='lat' dir='ltr'>in</span> <span class='ocrx_word' id='word_1_127' title='bbox 771 1205 869 1244; x_wconf 79' lang='lat' dir='ltr'>Iovis</span> <span class='ocrx_word' id='word_1_128' title='bbox 901 1207 958 1244; x_wconf 88' lang='lat' dir='ltr'>ire</span> <span class='ocrx_word' id='word_1_129' title='bbox 991 1206 1169 1244; x_wconf 89' lang='lat' dir='ltr'>domum.</span> 
     </span>
     <span class='ocr_line' id='line_1_21' title="bbox 285 1263 1405 1314; baseline -0.001 -14"><span class='ocrx_word' id='word_1_130' title='bbox 285 1263 404 1313; x_wconf 75' lang='lat' dir='ltr'>[Mille</span> <span class='ocrx_word' id='word_1_131' title='bbox 438 1276 574 1302; x_wconf 88' lang='lat' dir='ltr'>manus</span> <span class='ocrx_word' id='word_1_132' title='bbox 606 1264 681 1302; x_wconf 90' lang='lat' dir='ltr'>illis</span> <span class='ocrx_word' id='word_1_133' title='bbox 714 1263 818 1302; x_wconf 88' lang='lat' dir='ltr'>dedit</span> <span class='ocrx_word' id='word_1_134' title='bbox 850 1270 887 1302; x_wconf 93' lang='lat' dir='ltr'>et</span> <span class='ocrx_word' id='word_1_135' title='bbox 919 1276 988 1314; x_wconf 89' lang='lat' dir='ltr'>pro</span> <span class='ocrx_word' id='word_1_136' title='bbox 1022 1263 1203 1302; x_wconf 86' lang='lat' dir='ltr'>cruribus</span> <span class='ocrx_word' id='word_1_137' title='bbox 1236 1273 1405 1314; x_wconf 82' lang='lat' dir='ltr'>angues,</span> 
     </span>
     <span class='ocr_line' id='line_1_22' title="bbox 340 1316 1370 1372; baseline -0.001 -13"><span class='ocrx_word' id='word_1_138' title='bbox 340 1323 465 1371; x_wconf 83' lang='lat' dir='ltr'>Atque</span> <span class='ocrx_word' id='word_1_139' title='bbox 498 1324 549 1360; x_wconf 90' lang='lat' dir='ltr'>ait</span> <span class='ocrx_word' id='word_1_140' title='bbox 582 1319 656 1359; x_wconf 77' lang='lat' dir='ltr'>“in</span> <span class='ocrx_word' id='word_1_141' title='bbox 689 1334 848 1372; x_wconf 86' lang='lat' dir='ltr'>magnos</span> <span class='ocrx_word' id='word_1_142' title='bbox 881 1334 986 1360; x_wconf 84' lang='lat' dir='ltr'>arma</span> <span class='ocrx_word' id='word_1_143' title='bbox 1017 1328 1167 1360; x_wconf 77' lang='lat' dir='ltr'>movete</span> <span class='ocrx_word' id='word_1_144' title='bbox 1200 1316 1370 1369; x_wconf 84' lang='lat' dir='ltr'>deos.&#39;&#39;]</span> 
     </span>
     <span class='ocr_line' id='line_1_23' title="bbox 285 1377 1387 1430; baseline -0.001 -13"><span class='ocrx_word' id='word_1_145' title='bbox 285 1379 496 1418; x_wconf 73' lang='lat' dir='ltr'>Exstruere</span> <span class='ocrx_word' id='word_1_146' title='bbox 529 1380 569 1418; x_wconf 92' lang='lat' dir='ltr'>hi</span> <span class='ocrx_word' id='word_1_147' title='bbox 600 1386 752 1418; x_wconf 88' lang='lat' dir='ltr'>montes</span> <span class='ocrx_word' id='word_1_148' title='bbox 784 1381 828 1418; x_wconf 89' lang='lat' dir='ltr'>ad</span> <span class='ocrx_word' id='word_1_149' title='bbox 863 1380 990 1418; x_wconf 86' lang='lat' dir='ltr'>sidera</span> <span class='ocrx_word' id='word_1_150' title='bbox 1022 1392 1171 1418; x_wconf 87' lang='lat' dir='ltr'>summa</span> <span class='ocrx_word' id='word_1_151' title='bbox 1203 1377 1387 1430; x_wconf 83' lang='lat' dir='ltr'>parabant</span> 
     </span>
     <span class='ocr_line' id='line_1_24' title="bbox 219 1437 1156 1488; baseline 0.001 -13"><span class='ocrx_word' id='word_1_152' title='bbox 219 1446 262 1476; x_wconf 69' lang='lat'>40</span> <span class='ocrx_word' id='word_1_153' title='bbox 342 1437 390 1475; x_wconf 87' lang='lat' dir='ltr'>Et</span> <span class='ocrx_word' id='word_1_154' title='bbox 422 1450 603 1488; x_wconf 88' lang='lat' dir='ltr'>magnum</span> <span class='ocrx_word' id='word_1_155' title='bbox 635 1438 735 1476; x_wconf 89' lang='lat' dir='ltr'>hello</span> <span class='ocrx_word' id='word_1_156' title='bbox 768 1438 974 1476; x_wconf 82' lang='lat' dir='ltr'>sollicitare</span> <span class='ocrx_word' id='word_1_157' title='bbox 1006 1438 1156 1477; x_wconf 87' lang='lat' dir='ltr'>Iovem.</span> 
     </span>
     <span class='ocr_line' id='line_1_25' title="bbox 286 1496 1212 1547; baseline 0.001 -14"><span class='ocrx_word' id='word_1_158' title='bbox 286 1496 460 1534; x_wconf 83' lang='lat' dir='ltr'>Fulmina</span> <span class='ocrx_word' id='word_1_159' title='bbox 493 1497 539 1535; x_wconf 90' lang='lat' dir='ltr'>de</span> <span class='ocrx_word' id='word_1_160' title='bbox 573 1496 668 1534; x_wconf 91' lang='lat' dir='ltr'>caeli</span> <span class='ocrx_word' id='word_1_161' title='bbox 699 1497 886 1535; x_wconf 86' lang='lat' dir='ltr'>iaculatus</span> <span class='ocrx_word' id='word_1_162' title='bbox 918 1496 1092 1547; x_wconf 87' lang='lat' dir='ltr'>Iuppiter</span> <span class='ocrx_word' id='word_1_163' title='bbox 1125 1508 1212 1534; x_wconf 88' lang='lat' dir='ltr'>arce</span> 
     </span>
     <span class='ocr_line' id='line_1_26' title="bbox 341 1553 1229 1604; baseline 0.003 -15"><span class='ocrx_word' id='word_1_164' title='bbox 341 1553 465 1592; x_wconf 78' lang='lat' dir='ltr'>Vertit</span> <span class='ocrx_word' id='word_1_165' title='bbox 496 1556 534 1592; x_wconf 93' lang='lat' dir='ltr'>in</span> <span class='ocrx_word' id='word_1_166' title='bbox 567 1561 746 1593; x_wconf 86' lang='lat' dir='ltr'>auctores</span> <span class='ocrx_word' id='word_1_167' title='bbox 778 1555 948 1604; x_wconf 90' lang='lat' dir='ltr'>pondera</span> <span class='ocrx_word' id='word_1_168' title='bbox 979 1560 1084 1593; x_wconf 82' lang='lat' dir='ltr'>vasta</span> <span class='ocrx_word' id='word_1_169' title='bbox 1117 1566 1229 1592; x_wconf 92' lang='lat' dir='ltr'>suos.</span> 
     </span>
     <span class='ocr_line' id='line_1_27' title="bbox 285 1611 1225 1651; baseline 0.001 -2"><span class='ocrx_word' id='word_1_170' title='bbox 285 1611 352 1650; x_wconf 87' lang='lat' dir='ltr'>llis</span> <span class='ocrx_word' id='word_1_171' title='bbox 384 1611 482 1650; x_wconf 84' lang='lat' dir='ltr'>hene</span> <span class='ocrx_word' id='word_1_172' title='bbox 515 1612 692 1650; x_wconf 79' lang='lat' dir='ltr'>Maiestas</span> <span class='ocrx_word' id='word_1_173' title='bbox 725 1614 840 1650; x_wconf 83' lang='lat' dir='ltr'>armis</span> <span class='ocrx_word' id='word_1_174' title='bbox 873 1613 1030 1650; x_wconf 86' lang='lat' dir='ltr'>defensa</span> <span class='ocrx_word' id='word_1_175' title='bbox 1062 1613 1225 1651; x_wconf 88' lang='lat' dir='ltr'>deorum</span> 
     </span>
     <span class='ocr_line' id='line_1_28' title="bbox 343 1670 1276 1721; baseline 0 -13"><span class='ocrx_word' id='word_1_176' title='bbox 343 1670 505 1721; x_wconf 84' lang='lat' dir='ltr'>Restat,</span> <span class='ocrx_word' id='word_1_177' title='bbox 539 1677 576 1708; x_wconf 90' lang='lat' dir='ltr'>et</span> <span class='ocrx_word' id='word_1_178' title='bbox 609 1683 654 1708; x_wconf 77' lang='lat' dir='ltr'>ex</span> <span class='ocrx_word' id='word_1_179' title='bbox 687 1670 750 1708; x_wconf 93' lang='lat' dir='ltr'>illo</span> <span class='ocrx_word' id='word_1_180' title='bbox 783 1676 957 1721; x_wconf 85' lang='lat' dir='ltr'>tempore</span> <span class='ocrx_word' id='word_1_181' title='bbox 990 1670 1093 1709; x_wconf 86' lang='lat' dir='ltr'>culta</span> <span class='ocrx_word' id='word_1_182' title='bbox 1125 1676 1276 1708; x_wconf 86' lang='lat' dir='ltr'>manet.</span> 
     </span>
     <span class='ocr_line' id='line_1_29' title="bbox 219 1728 1322 1779; baseline 0 -13"><span class='ocrx_word' id='word_1_183' title='bbox 219 1736 262 1767; x_wconf 74' lang='lat'>45</span> <span class='ocrx_word' id='word_1_184' title='bbox 284 1728 438 1766; x_wconf 80' lang='lat' dir='ltr'>Assidet</span> <span class='ocrx_word' id='word_1_185' title='bbox 469 1728 557 1766; x_wconf 90' lang='lat' dir='ltr'>inde</span> <span class='ocrx_word' id='word_1_186' title='bbox 590 1728 697 1779; x_wconf 74' lang='lat' dir='ltr'>Iovi,</span> <span class='ocrx_word' id='word_1_187' title='bbox 730 1728 828 1766; x_wconf 82' lang='lat' dir='ltr'>Iovis</span> <span class='ocrx_word' id='word_1_188' title='bbox 861 1735 920 1766; x_wconf 80' lang='lat' dir='ltr'>est</span> <span class='ocrx_word' id='word_1_189' title='bbox 952 1729 1135 1766; x_wconf 86' lang='lat' dir='ltr'>fidissima</span> <span class='ocrx_word' id='word_1_190' title='bbox 1169 1734 1322 1778; x_wconf 77' lang='lat' dir='ltr'>custOS,</span> 
     </span>
     <span class='ocr_line' id='line_1_30' title="bbox 342 1785 1290 1837; baseline -0.002 -13"><span class='ocrx_word' id='word_1_191' title='bbox 342 1785 391 1824; x_wconf 90' lang='lat' dir='ltr'>Et</span> <span class='ocrx_word' id='word_1_192' title='bbox 422 1792 594 1837; x_wconf 87' lang='lat' dir='ltr'>praestat</span> <span class='ocrx_word' id='word_1_193' title='bbox 626 1788 707 1825; x_wconf 92' lang='lat' dir='ltr'>sine</span> <span class='ocrx_word' id='word_1_194' title='bbox 740 1788 776 1824; x_wconf 78' lang='lat' dir='ltr'>vi</span> <span class='ocrx_word' id='word_1_195' title='bbox 809 1792 960 1837; x_wconf 81' lang='lat' dir='ltr'>sceptra</span> <span class='ocrx_word' id='word_1_196' title='bbox 992 1787 1158 1825; x_wconf 84' lang='lat' dir='ltr'>tenenda</span> <span class='ocrx_word' id='word_1_197' title='bbox 1190 1785 1290 1824; x_wconf 80' lang='lat' dir='ltr'>Iovi.</span> 
     </span>
     <span class='ocr_line' id='line_1_31' title="bbox 286 1844 1338 1883; baseline 0 -2"><span class='ocrx_word' id='word_1_198' title='bbox 286 1844 396 1882; x_wconf 79' lang='lat' dir='ltr'>Venit</span> <span class='ocrx_word' id='word_1_199' title='bbox 429 1850 466 1882; x_wconf 91' lang='lat' dir='ltr'>et</span> <span class='ocrx_word' id='word_1_200' title='bbox 497 1846 537 1883; x_wconf 92' lang='lat' dir='ltr'>in</span> <span class='ocrx_word' id='word_1_201' title='bbox 569 1851 722 1883; x_wconf 86' lang='lat' dir='ltr'>terras.</span> <span class='ocrx_word' id='word_1_202' title='bbox 779 1845 985 1883; x_wconf 87' lang='lat' dir='ltr'>coluerunt</span> <span class='ocrx_word' id='word_1_203' title='bbox 1016 1844 1204 1883; x_wconf 90' lang='lat' dir='ltr'>Romulus</span> <span class='ocrx_word' id='word_1_204' title='bbox 1235 1844 1338 1882; x_wconf 87' lang='lat' dir='ltr'>illam</span> 
     </span>
     <span class='ocr_line' id='line_1_32' title="bbox 342 1902 1346 1954; baseline -0.001 -14"><span class='ocrx_word' id='word_1_205' title='bbox 342 1902 390 1940; x_wconf 88' lang='lat' dir='ltr'>Et</span> <span class='ocrx_word' id='word_1_206' title='bbox 422 1902 573 1954; x_wconf 79' lang='lat' dir='ltr'>Numa3</span> <span class='ocrx_word' id='word_1_207' title='bbox 607 1915 694 1941; x_wconf 85' lang='lat' dir='ltr'>mox</span> <span class='ocrx_word' id='word_1_208' title='bbox 726 1903 816 1954; x_wconf 86' lang='lat' dir='ltr'>alii,</span> <span class='ocrx_word' id='word_1_209' title='bbox 849 1908 1023 1953; x_wconf 88' lang='lat' dir='ltr'>tempore</span> <span class='ocrx_word' id='word_1_210' title='bbox 1056 1904 1220 1953; x_wconf 89' lang='lat' dir='ltr'>quisque</span> <span class='ocrx_word' id='word_1_211' title='bbox 1253 1914 1346 1940; x_wconf 77' lang='lat' dir='ltr'>Sim.</span> 
     </span>
     <span class='ocr_line' id='line_1_33' title="bbox 286 1961 1300 2012; baseline 0 -13"><span class='ocrx_word' id='word_1_212' title='bbox 286 1961 350 1998; x_wconf 85' lang='lat' dir='ltr'>Illa</span> <span class='ocrx_word' id='word_1_213' title='bbox 383 1967 511 2011; x_wconf 88' lang='lat' dir='ltr'>patres</span> <span class='ocrx_word' id='word_1_214' title='bbox 543 1963 583 1999; x_wconf 90' lang='lat' dir='ltr'>in</span> <span class='ocrx_word' id='word_1_215' title='bbox 615 1961 762 1999; x_wconf 91' lang='lat' dir='ltr'>honore</span> <span class='ocrx_word' id='word_1_216' title='bbox 796 1963 858 2011; x_wconf 91' lang='lat' dir='ltr'>pio</span> <span class='ocrx_word' id='word_1_217' title='bbox 891 1968 1112 2012; x_wconf 87' lang='lat' dir='ltr'>matresque</span> <span class='ocrx_word' id='word_1_218' title='bbox 1145 1965 1300 2007; x_wconf 88' lang='lat' dir='ltr'>tuetur,</span> 
     </span>
     <span class='ocr_line' id='line_1_34' title="bbox 222 2018 1216 2070; baseline -0.002 -12"><span class='ocrx_word' id='word_1_219' title='bbox 222 2028 263 2059; x_wconf 80' lang='lat'>50</span> <span class='ocrx_word' id='word_1_220' title='bbox 343 2018 408 2057; x_wconf 86' lang='lat' dir='ltr'>Illa</span> <span class='ocrx_word' id='word_1_221' title='bbox 440 2031 570 2058; x_wconf 89' lang='lat' dir='ltr'>comes</span> <span class='ocrx_word' id='word_1_222' title='bbox 602 2021 735 2070; x_wconf 88' lang='lat' dir='ltr'>pueris</span> <span class='ocrx_word' id='word_1_223' title='bbox 766 2019 1057 2069; x_wconf 76' lang='lat' dir='ltr'>virginibusque</span> <span class='ocrx_word' id='word_1_224' title='bbox 1092 2020 1216 2057; x_wconf 85' lang='lat' dir='ltr'>venit.</span> 
     </span>
     <span class='ocr_line' id='line_1_35' title="bbox 286 2076 1320 2127; baseline -0.002 -11"><span class='ocrx_word' id='word_1_225' title='bbox 286 2077 350 2116; x_wconf 86' lang='lat' dir='ltr'>llla</span> <span class='ocrx_word' id='word_1_226' title='bbox 383 2078 492 2116; x_wconf 90' lang='lat' dir='ltr'>datos</span> <span class='ocrx_word' id='word_1_227' title='bbox 524 2078 647 2116; x_wconf 89' lang='lat' dir='ltr'>fasces</span> <span class='ocrx_word' id='word_1_228' title='bbox 679 2077 923 2116; x_wconf 89' lang='lat' dir='ltr'>commendat</span> <span class='ocrx_word' id='word_1_229' title='bbox 954 2077 1129 2127; x_wconf 88' lang='lat' dir='ltr'>eburque</span> <span class='ocrx_word' id='word_1_230' title='bbox 1162 2076 1320 2127; x_wconf 81' lang='lat' dir='ltr'>curule,</span> 
     </span>
     <span class='ocr_line' id='line_1_36' title="bbox 345 2131 1172 2186; baseline -0.001 -12"><span class='ocrx_word' id='word_1_231' title='bbox 345 2135 410 2173; x_wconf 84' lang='lat' dir='ltr'>Illa</span> <span class='ocrx_word' id='word_1_232' title='bbox 445 2137 638 2174; x_wconf 82' lang='lat' dir='ltr'>coronatis</span> <span class='ocrx_word' id='word_1_233' title='bbox 670 2135 743 2174; x_wconf 88' lang='lat' dir='ltr'>alta</span> <span class='ocrx_word' id='word_1_234' title='bbox 775 2135 987 2186; x_wconf 86' lang='lat' dir='ltr'>triumphat</span> <span class='ocrx_word' id='word_1_235' title='bbox 1018 2131 1172 2185; x_wconf 89' lang='lat' dir='ltr'>equis.&#39;</span> 
     </span>
     <span class='ocr_line' id='line_1_37' title="bbox 287 2192 1314 2245; baseline -0.002 -13"><span class='ocrx_word' id='word_1_236' title='bbox 287 2194 457 2232; x_wconf 86' lang='lat' dir='ltr'>Finierat</span> <span class='ocrx_word' id='word_1_237' title='bbox 489 2206 602 2232; x_wconf 82' lang='lat' dir='ltr'>voces</span> <span class='ocrx_word' id='word_1_238' title='bbox 634 2193 911 2245; x_wconf 68' lang='lat' dir='ltr'>Polyhymnia.</span> <span class='ocrx_word' id='word_1_239' title='bbox 968 2192 1068 2231; x_wconf 86' lang='lat' dir='ltr'>dicta</span> <span class='ocrx_word' id='word_1_240' title='bbox 1100 2192 1314 2243; x_wconf 84' lang='lat' dir='ltr'>probarunt</span> 
     </span>
     <span class='ocr_line' id='line_1_38' title="bbox 346 2251 1197 2303; baseline 0 -13"><span class='ocrx_word' id='word_1_241' title='bbox 346 2252 504 2303; x_wconf 86' lang='lat' dir='ltr'>Clioque</span> <span class='ocrx_word' id='word_1_242' title='bbox 539 2258 577 2291; x_wconf 87' lang='lat' dir='ltr'>et</span> <span class='ocrx_word' id='word_1_243' title='bbox 609 2264 748 2291; x_wconf 77' lang='lat' dir='ltr'>curvae</span> <span class='ocrx_word' id='word_1_244' title='bbox 781 2254 876 2294; x_wconf 78' lang='lat' dir='ltr'>scita</span> <span class='ocrx_word' id='word_1_245' title='bbox 908 2251 1039 2289; x_wconf 87' lang='lat' dir='ltr'>Thalia</span> <span class='ocrx_word' id='word_1_246' title='bbox 1071 2251 1197 2302; x_wconf 58' lang='lat' dir='ltr'>lyrae.</span> 
     </span>
    </p>
   </div>
  </div>
 </body>
</html>
