1575 2489
575 81 621 111 II.
648 81 817 112 844—111
837 82 892 112 45.
1313 77 1396 119 259

184 188 294 226 Tunc
321 200 477 239 quoque
504 189 664 225 inermis
691 199 803 238 eras,
830 199 919 226 cum
949 192 987 225 te
1012 186 1183 225 Romana
1215 187 1397 226 sacerdos

123 255 163 286 10
242 245 381 297 Cepit,
414 251 458 284 ut
488 245 580 284 huic
611 244 706 284 Urbi
738 246 885 284 semina
917 244 1031 296 digna
1062 245 1198 284 dares.

185 303 300 342 Silvia
331 303 495 342 Vestalis
529 325 572 330 —
605 303 698 354 quid
731 305 832 342 enim
866 308 969 342 vetat
1000 303 1090 342 inde
1122 301 1304 342 moveri?
1330 322 1372 329 —-

243 362 360 400 Sacra
392 361 584 400 lavaturas
616 373 727 400 mane
758 361 915 412 petebat
946 373 1086 412 aquaS.

183 419 349 459 Ventum
382 426 465 458 erat
496 419 542 458 ad
576 419 680 458 molli
711 419 899 458 declivem
931 421 1084 458 tramite
1117 421 1262 471 ripam:

240 478 404 516 Ponitur
437 490 457 516 e
490 490 639 516 summa
672 477 800 516 fictilis
831 490 928 516 urna
961 489 1093 517 coma:

122 544 162 576 15
184 536 300 575 Fessa
331 535 478 574 resedit
508 535 626 574 humo
645 566 656 587 ,
688 542 902 586 ventosque
936 537 1085 587 accepit
1116 540 1250 586 aperto

241 594 435 647 Pectore,
467 593 642 632 turbatas
675 595 925 645 restituitque
958 606 1109 632 comas.

183 652 282 691 Dum
314 652 453 704 sedet,
486 652 692 691 umbrosae
724 652 861 691 salices
893 652 1150 703 volucresque
1183 662 1346 690 canorae

242 710 437 749 Fecerunt
469 722 625 749 somnos
658 716 696 749 et
727 710 809 749 leve
841 722 1020 749 murmur
1052 721 1198 760 aquae.

183 769 326 807 Blanda
359 770 470 819 quies
502 769 637 807 furtim
668 770 780 807 victis
813 768 987 819 obrepsit
1019 768 1175 819 ocellis,

119 836 162 866 ‘20
242 827 291 866 Et
322 826 425 865 cadit
456 839 476 864 a
508 833 638 866 mento
671 826 850 877 languida
881 827 981 865 facta
1012 838 1171 864 manus.

183 885 283 923 Mars
317 885 419 923 videt
450 884 574 937 hanc,
607 886 804 934 visamque
832 886 965 936 cupit,
992 885 1218 935 potiturque
1246 884 1396 936 cupita,

240 943 289 981 Et
320 954 390 981 sua
421 942 549 981 divina
581 942 682 981 furta
716 942 852 981 fefellit
884 954 979 994 ope.

183 1001 351 1040 Somnus
384 1000 490 1052 abit,
522 1002 623 1039 iacet
653 1000 716 1039 illa
748 1002 904 1051 gravis.
960 1002 1035 1039 iam
1068 999 1216 1039 scilicet
1247 1001 1349 1039 intra

240 1058 396 1098 Viscera
428 1059 623 1097 Romanae
655 1058 834 1097 conditor
864 1058 980 1097 Urbis
1013 1064 1121 1097 erat.

118 1126 161 1156 25
181 1117 378 1168 Languida
411 1118 641 1168 consurgit,
678 1129 751 1156 nec
784 1118 886 1169 scit,
927 1129 998 1155 cur
1029 1117 1207 1166 languida
1241 1121 1397 1168 surgat,

241 1175 290 1214 Et
320 1176 470 1226 peragit
502 1175 588 1213 talis
620 1174 758 1213 arbore
791 1177 879 1213 nixa
912 1187 1051 1214 sonos:

182 1230 304 1272 ‘Utile
337 1234 387 1272 sit
418 1233 696 1285 faustumque,
728 1245 897 1285 precor,
936 1233 1039 1284 quod
1074 1233 1239 1283 imagine
1273 1233 1397 1271 somni

241 1290 444 1330 Vidimus.
501 1303 548 1329 an
582 1303 716 1329 somno
750 1291 892 1330 clarius
924 1291 1018 1330 illud
1052 1289 1168 1330 erat?

181 1349 339 1401 Ignibus
371 1349 497 1388 Iliacis
529 1349 683 1388 aderam
703 1380 713 1400 ,
745 1361 834 1388 cum
865 1349 971 1400 lapsa
1004 1349 1151 1400 capillis

118 1417 162 1448 30
242 1408 392 1446 Decidit
424 1413 512 1446 ante
546 1419 678 1446 sacros
709 1407 818 1445 lanea
850 1409 943 1446 vitta
976 1408 1105 1446 focos.

182 1466 274 1505 Inde
307 1466 405 1504 duae
436 1467 611 1516 pariter,
643 1467 728 1504 visu
761 1465 936 1504 mirabile
955 1497 965 1516 ,
997 1465 1145 1516 palmae

242 1524 444 1574 Surgunt.
500 1535 547 1562 ex
578 1523 655 1561 illis
687 1523 807 1562 altera
838 1525 961 1562 maior
992 1529 1098 1575 erat,

182 1582 231 1621 Et
262 1581 444 1633 gravibus
475 1582 593 1620 ramis
626 1587 750 1620 totum
782 1587 1006 1632 protexerat
1037 1581 1196 1634 orbem,

241 1640 542 1691 Contigeratque
575 1652 643 1679 sua
676 1640 803 1679 sidera
835 1652 985 1679 summa
1017 1652 1148 1679 coma.

119 1707 162 1738 35
183 1698 284 1738 Ecce
317 1710 427 1737 meus
459 1699 607 1737 ferrum
638 1704 802 1750 patruus
834 1698 994 1737 molitur
1024 1700 1065 1737 in
1096 1698 1203 1737 illas.

241 1757 410 1795 Terreor
442 1756 670 1808 admonitu,
703 1768 848 1807 corque
880 1758 1020 1795 timore
1052 1758 1191 1795 micat.

183 1815 348 1866 Martia,
380 1816 491 1866 picus
511 1845 522 1866 ,
555 1815 634 1853 avis
666 1816 819 1865 gemino
851 1826 922 1865 pro
955 1816 1085 1866 stipite
1118 1820 1292 1866 pugnant

240 1873 290 1912 Et
320 1872 408 1924 lupa
430 1903 438 1911 .
494 1877 577 1911 tuta
608 1884 678 1923 per
710 1872 780 1911 hos
812 1878 978 1923 utraque
1010 1872 1135 1923 palma
1167 1869 1284 1910 suit.’

183 1931 367 1982 Dixerat,
400 1936 439 1970 et
470 1930 623 1981 plenam
655 1943 732 1969 non
764 1931 886 1969 firmis
919 1930 1065 1969 viribus
1097 1942 1233 1969 urnam

124 1999 164 2030 ιο
244 1989 438 2029 Sustulit.
493 1988 701 2040 implerat,
734 1988 826 2027 dum
859 2000 927 2027 sua
960 1989 1039 2027 visa
1070 1989 1213 2027 refert.

183 2048 335 2088 Interea
368 2052 570 2086 crescente
602 2046 722 2085 Remo
742 2077 753 2098 ,
786 2052 987 2085 crescente
1021 2046 1208 2098 Quirino,

242 2106 407 2145 Caelesti
440 2105 612 2144 tumidus
643 2105 816 2156 pondere
848 2110 984 2143 venter
1016 2110 1121 2143 erat.

183 2163 268 2210 Quo
300 2165 429 2202 minus
461 2165 635 2202 emeritis
668 2164 791 2202 exiret
822 2162 1003 2201 cursibus
1036 2175 1184 2214 annus,

241 2221 453 2261 Restabant
483 2221 605 2261 nitido
638 2223 714 2260 iam
746 2221 822 2260 duo
855 2222 963 2272 signa
995 2220 1090 2260 deo.

121 2289 163 2320 45
186 2280 300 2319 Silvia
332 2280 375 2319 fit
407 2285 558 2320 mater:
602 2278 739 2318 Vestae
772 2279 978 2318 simulacra
1009 2279 1191 2317 seruntur

1118 2343 1187 2378 17*
