1575 2489
581 98 628 132 H.
654 105 714 131 vn
736 99 883 131 12—84.
1312 94 1392 135 157

239 205 375 244 Infelix
406 206 507 256 perii
539 205 695 244 dotibus
726 206 810 256 ipse
842 207 963 244 meis,

184 264 268 303 Vita
299 265 407 314 prior
440 265 531 301 vitio
564 269 670 302 caret
702 269 742 302 et
772 265 856 302 sine
888 262 971 302 labe
1003 268 1183 315 peracta:

118 332 161 362 50
240 322 380 361 Auxilii
410 323 554 360 misero
587 321 641 360 nil
676 322 764 360 tulit
795 321 859 360 illa
891 321 1006 360 mihi.

180 381 300 431 Culpa
331 382 457 431 gravis
488 379 672 431 precibus
705 380 872 419 donatur
905 392 1019 430 saepe
1052 391 1237 418 suorum:

242 439 376 478 Omnis
408 450 478 490 pro
511 438 622 476 nobis
655 440 776 489 gratia
809 443 915 477 muta
947 439 1042 477 fuit.

181 497 344 536 Adiuvat
375 498 415 536 in
447 496 555 535 duris
588 496 715 548 aliqu-a
747 498 968 547 praesentia
999 495 1143 535 rebus:

240 555 381 594 Obruit
412 555 485 594 hoc
518 554 657 594 absens
690 561 794 594 vasta
825 555 995 607 procella
1028 560 1165 605 caput.

118 621 160 653 55
182 613 277 659 Quis
310 626 388 652 non
419 613 619 652 horruerit
650 615 807 652 tacitam
839 625 995 664 quoque
1029 613 1203 651 Caesaris
1236 609 1367 650 iram?

238 672 377 711 Addita
408 677 501 711 sunt
531 673 667 722 poenis
700 684 837 722 aspera
868 671 985 710 verba
1016 672 1136 710 meis.

180 730 241 769 Fit
272 732 361 781 fuga
391 730 635 782 temporibus
667 730 817 769 levior:
872 731 1071 781 proiectus
1103 731 1143 767 in
1176 741 1321 779 aequor

241 790 451 828 Arcturum
484 789 585 827 subii
618 788 894 839 Pleiadumque
926 789 1072 826 minas.

183 846 304 898 Saepe
338 847 465 886 solent
495 847 663 885 hiemem
694 846 884 897 placidam
916 847 1063 884 sentire
1095 846 1272 884 carinae:
1340 854 1397 886 (60)

119 914 161 944 60
240 905 325 944 Non
357 906 510 944 Ithacae
541 906 662 956 puppi
695 906 845 943 saevior
877 904 980 942 unda
1012 905 1108 942 suit.

181 963 300 1002 Recta
331 963 427 1002 fides
460 965 646 1002 comitum
677 968 830 1014 poterat
862 962 959 1000 mala
991 968 1125 1001 nostra
1157 962 1309 1002 levare:

240 1022 365 1061 Ditata
397 1028 457 1061 est
487 1021 620 1073 spoliis
651 1021 799 1072 perfida
830 1020 945 1059 turba
977 1022 1097 1060 meis.

184 1080 315 1119 Mitius
348 1081 506 1119 exilium
539 1081 686 1119 faciunt
716 1080 829 1118 loca:
884 1081 1035 1118 tristior
1067 1081 1140 1118 ista

239 1139 360 1177 Terra
393 1139 465 1178 sub
497 1138 685 1177 ambobus
711 1150 789 1177 non
821 1139 922 1176 iacet
953 1138 1030 1176 ulla
1061 1138 1186 1188 polis.

119 1205 162 1237 65
182 1197 252 1236 Est
282 1197 426 1248 aliquid
445 1229 455 1249 ‚
486 1199 622 1249 patriis
654 1198 824 1235 vicinum
855 1196 1000 1236 finibus
1033 1208 1142 1235 esse:

241 1255 382 1294 Ultima
412 1268 474 1294 me
506 1255 652 1307 tellus,
684 1255 845 1294 ultimus
878 1254 983 1293 orbis
1016 1253 1155 1293 habet.

182 1314 359 1353 Praestat
390 1320 428 1353 et
460 1314 639 1353 exulibus
671 1326 806 1365 pacem
839 1320 904 1352 tua
936 1313 1066 1352 laurea
1085 1344 1096 1365 ‚
1130 1312 1293 1353 Caesar:

241 1372 402 1411 Pontica
433 1373 595 1411 finitimo
627 1380 733 1411 terra
765 1371 838 1411 sub
870 1372 982 1410 hoste
1014 1373 1136 1410 iacet.

183 1431 353 1482 Tempus
383 1433 423 1469 in
456 1443 638 1481 agrorum
670 1430 777 1469 cultu
811 1442 1042 1469 consumere
1076 1430 1189 1468 dulce
1222 1436 1303 1469 est:

126 1498 169 1529 70
247 1489 333 1528 Non
365 1491 510 1540 patitur
543 1491 641 1527 verti
672 1488 862 1527 barbarus
894 1488 1018 1527 hostis
1049 1488 1235 1527 humum.

183 1547 388 1599 Temperie
421 1547 516 1586 caeli
548 1559 769 1598 corpusque
801 1548 1032 1597 animusque
1064 1548 1269 1585 iuvantur:

242 1607 402 1657 Frigore
434 1612 624 1657 perpetuo
658 1605 844 1644 Sarmatis
877 1618 944 1644 ora
975 1606 1098 1656 riget.

183 1664 254 1704 Est
284 1666 325 1704 in
356 1677 455 1716 aqua
487 1664 590 1704 dulci
622 1677 700 1703 non
731 1664 920 1702 invidiosa
952 1663 1151 1715 voluptas:

243 1724 448 1774 Aequoreo
480 1723 627 1762 bibitur
660 1734 749 1762 cum
781 1722 859 1761 sale
891 1724 1010 1761 mixta
1040 1722 1174 1773 palus.

121 1789 163 1822 75
185 1781 321 1820 Omnia
353 1782 567 1821 deficiunt.
622 1783 773 1820 animus
805 1787 934 1819 tamen
966 1782 1094 1819 omnia
1126 1782 1268 1820 vincit:

242 1840 308 1879 Ille
343 1842 458 1880 etiam
489 1842 591 1879 vires
624 1852 766 1891 corpus
798 1839 942 1878 habere
975 1840 1089 1880 facit.

185 1898 386 1938 Sustineas
419 1904 463 1938 ut
493 1911 592 1938 onus
611 1929 622 1951 ,
654 1898 858 1937 nitendum
889 1899 1034 1937 vertice
1066 1897 1181 1949 pleno
1214 1903 1300 1949 est,

242 1958 319 1997 Aut
349 1958 454 1996 flecti
484 1969 625 1996 nervos
658 1958 690 1996 si
722 1958 898 2008 patiere,
930 1956 1064 1995 cades.

186 2015 282 2067 Spes
315 2028 500 2069 quoque,
532 2028 646 2067 posse
678 2027 786 2054 mora
818 2016 1024 2053 mitescere
1058 2015 1247 2066 principis
1278 2015 1399 2067 iram,

122 2081 165 2112 80
244 2073 379 2114 Vivere
411 2087 460 2114 ne
491 2075 610 2113 nolim
642 2074 926 2125 deficiamque,
959 2079 1091 2112 cavet.

185 2131 264 2171 Nec
294 2145 362 2172 vos
392 2145 509 2185 parva
541 2134 639 2172 datis
670 2134 784 2184 pauci
817 2132 958 2171 solacia
989 2131 1124 2183 nobis,
1342 2141 1399 2173 (61)

246 2190 421 2236 Quorum
453 2198 625 2243 spectata
657 2197 717 2230 est
747 2203 818 2242 per
850 2190 948 2229 mala
980 2195 1113 2229 nostra
1144 2189 1264 2229 fides.

186 2247 330 2299 Coepta
355 2256 467 2303 tene,
488 2262 656 2302 quaeso,
676 2262 803 2300 neque
830 2251 868 2288 in
891 2261 1061 2300 aequore
1081 2249 1218 2288 desere
1246 2261 1398 2301 navem,

242 2307 380 2359 Meque
413 2309 528 2348 simul
560 2321 671 2348 serva
702 2309 968 2359 iudiciumque
1001 2313 1135 2347 tuum.
