<?xml version="1.0" encoding="UTF-8"?>
<!DOCTYPE html PUBLIC "-//W3C//DTD XHTML 1.0 Transitional//EN"
    "http://www.w3.org/TR/xhtml1/DTD/xhtml1-transitional.dtd">
<html xmlns="http://www.w3.org/1999/xhtml" xml:lang="en" lang="en">
 <head>
  <title>
</title>
<meta http-equiv="Content-Type" content="text/html;charset=utf-8" />
  <meta name='ocr-system' content='tesseract 3.04.00' />
  <meta name='ocr-capabilities' content='ocr_page ocr_carea ocr_par ocr_line ocrx_word'/>
</head>
<body>
  <div class='ocr_page' id='page_1' title='image "./operaovid01oviduoft/operaovid01oviduoft_0052.png"; bbox 0 0 1601 2484; ppageno 0'>
   <div class='ocr_carea' id='block_1_1' title="bbox 750 83 975 123">
    <p class='ocr_par' dir='ltr' id='par_1_1' title="bbox 750 83 975 123">
     <span class='ocr_line' id='line_1_1' title="bbox 750 83 975 123; baseline 0 -8"><span class='ocrx_word' id='word_1_1' title='bbox 750 83 975 123; x_wconf 77' lang='lat' dir='ltr'>TRISTIUM</span> 
     </span>
    </p>
   </div>
   <div class='ocr_carea' id='block_1_2' title="bbox 226 191 1530 1751">
    <p class='ocr_par' dir='ltr' id='par_1_2' title="bbox 313 191 1312 356">
     <span class='ocr_line' id='line_1_2' title="bbox 313 191 1289 241; baseline -0.001 -12"><span class='ocrx_word' id='word_1_2' title='bbox 313 191 409 229; x_wconf 90' lang='lat' dir='ltr'>Nam</span> <span class='ocrx_word' id='word_1_3' title='bbox 440 202 530 241; x_wconf 90' lang='lat' dir='ltr'>spes</span> <span class='ocrx_word' id='word_1_4' title='bbox 562 195 622 228; x_wconf 89' lang='lat' dir='ltr'>est</span> <span class='ocrx_word' id='word_1_5' title='bbox 653 191 772 228; x_wconf 88' lang='lat' dir='ltr'>animi</span> <span class='ocrx_word' id='word_1_6' title='bbox 804 195 938 228; x_wconf 89' lang='lat' dir='ltr'>nostra</span> <span class='ocrx_word' id='word_1_7' title='bbox 969 191 1108 228; x_wconf 84' lang='lat' dir='ltr'>timore</span> <span class='ocrx_word' id='word_1_8' title='bbox 1141 191 1289 228; x_wconf 86' lang='lat' dir='ltr'>minor.</span> 
     </span>
     <span class='ocr_line' id='line_1_3' title="bbox 315 247 1312 298; baseline -0.002 -11"><span class='ocrx_word' id='word_1_9' title='bbox 315 249 500 298; x_wconf 80' lang='lat' dir='ltr'><strong>Quaeque</strong></span> <span class='ocrx_word' id='word_1_10' title='bbox 532 247 786 298; x_wconf 80' lang='lat' dir='ltr'>quiescebat,</span> <span class='ocrx_word' id='word_1_11' title='bbox 819 259 868 285; x_wconf 91' lang='lat' dir='ltr'>ne</span> <span class='ocrx_word' id='word_1_12' title='bbox 899 252 1004 286; x_wconf 89' lang='lat' dir='ltr'>mota</span> <span class='ocrx_word' id='word_1_13' title='bbox 1034 249 1223 286; x_wconf 79' lang='lat' dir='ltr'>resaeviat</span> <span class='ocrx_word' id='word_1_14' title='bbox 1254 249 1312 285; x_wconf 87' lang='lat' dir='ltr'>ira</span> 
     </span>
     <span class='ocr_line' id='line_1_4' title="bbox 313 304 1176 356; baseline -0.001 -12"><span class='ocrx_word' id='word_1_15' title='bbox 313 306 362 344; x_wconf 90' lang='lat' dir='ltr'>Et</span> <span class='ocrx_word' id='word_1_16' title='bbox 393 317 540 356; x_wconf 88' lang='lat' dir='ltr'>poenae</span> <span class='ocrx_word' id='word_1_17' title='bbox 572 311 615 343; x_wconf 85' lang='lat' dir='ltr'>tu</span> <span class='ocrx_word' id='word_1_18' title='bbox 648 307 700 343; x_wconf 86' lang='lat' dir='ltr'>sis</span> <span class='ocrx_word' id='word_1_19' title='bbox 733 304 852 343; x_wconf 86' lang='lat' dir='ltr'>altera</span> <span class='ocrx_word' id='word_1_20' title='bbox 884 317 999 344; x_wconf 89' lang='lat' dir='ltr'>causa</span> <span class='ocrx_word' id='word_1_21' title='bbox 1018 336 1029 356; x_wconf 96' lang='lat'>,</span> <span class='ocrx_word' id='word_1_22' title='bbox 1061 305 1176 343; x_wconf 79' lang='lat' dir='ltr'>cave!</span> 
     </span>
    </p>

    <p class='ocr_par' dir='ltr' id='par_1_3' title="bbox 228 363 1478 531">
     <span class='ocr_line' id='line_1_5' title="bbox 228 363 1478 416; baseline -0.001 -13"><span class='ocrx_word' id='word_1_23' title='bbox 228 373 292 405; x_wconf 85' lang='lat'>105</span> <span class='ocrx_word' id='word_1_24' title='bbox 314 364 410 402; x_wconf 89' lang='lat' dir='ltr'>Cum</span> <span class='ocrx_word' id='word_1_25' title='bbox 442 369 571 401; x_wconf 85' lang='lat' dir='ltr'>tamen</span> <span class='ocrx_word' id='word_1_26' title='bbox 603 363 642 400; x_wconf 92' lang='lat' dir='ltr'>in</span> <span class='ocrx_word' id='word_1_27' title='bbox 675 368 853 401; x_wconf 88' lang='lat' dir='ltr'>nostrum</span> <span class='ocrx_word' id='word_1_28' title='bbox 884 364 1006 402; x_wconf 91' lang='lat' dir='ltr'>fueris</span> <span class='ocrx_word' id='word_1_29' title='bbox 1036 363 1235 414; x_wconf 88' lang='lat' dir='ltr'>penetrale</span> <span class='ocrx_word' id='word_1_30' title='bbox 1268 369 1478 416; x_wconf 70' lang='lat' dir='ltr'>receptus,</span> 
     </span>
     <span class='ocr_line' id='line_1_6' title="bbox 315 421 1348 472; baseline 0 -12"><span class='ocrx_word' id='word_1_31' title='bbox 315 422 612 471; x_wconf 85' lang='lat' dir='ltr'>Contigerisque</span> <span class='ocrx_word' id='word_1_32' title='bbox 645 426 780 472; x_wconf 87' lang='lat' dir='ltr'>tuam,</span> <span class='ocrx_word' id='word_1_33' title='bbox 812 422 955 459; x_wconf 79' lang='lat' dir='ltr'>scrInia</span> <span class='ocrx_word' id='word_1_34' title='bbox 986 433 1103 459; x_wconf 89' lang='lat' dir='ltr'>curva</span> <span class='ocrx_word' id='word_1_35' title='bbox 1122 452 1133 472; x_wconf 93' lang='lat'>,</span> <span class='ocrx_word' id='word_1_36' title='bbox 1165 421 1348 460; x_wconf 88' lang='lat' dir='ltr'>domum:</span> 
     </span>
     <span class='ocr_line' id='line_1_7' title="bbox 313 478 1219 531; baseline -0.001 -13"><span class='ocrx_word' id='word_1_37' title='bbox 313 480 488 530; x_wconf 82' lang='lat' dir='ltr'>Aspicies</span> <span class='ocrx_word' id='word_1_38' title='bbox 519 478 597 516; x_wconf 84' lang='lat' dir='ltr'>illic</span> <span class='ocrx_word' id='word_1_39' title='bbox 628 480 776 529; x_wconf 80' lang='lat' dir='ltr'>positos</span> <span class='ocrx_word' id='word_1_40' title='bbox 809 491 856 517; x_wconf 86' lang='lat' dir='ltr'>ex</span> <span class='ocrx_word' id='word_1_41' title='bbox 887 479 1022 517; x_wconf 84' lang='lat' dir='ltr'>ordine</span> <span class='ocrx_word' id='word_1_42' title='bbox 1055 480 1219 531; x_wconf 79' lang='lat' dir='ltr'>fratres,</span> 
     </span>
    </p>

    <p class='ocr_par' dir='ltr' id='par_1_4' title="bbox 314 537 1341 646">
     <span class='ocr_line' id='line_1_8' title="bbox 314 537 1199 587; baseline -0.001 -11"><span class='ocrx_word' id='word_1_43' title='bbox 314 537 420 582; x_wconf 88' lang='lat' dir='ltr'>Quos</span> <span class='ocrx_word' id='word_1_44' title='bbox 453 537 625 575; x_wconf 87' lang='lat' dir='ltr'>studium</span> <span class='ocrx_word' id='word_1_45' title='bbox 658 543 820 575; x_wconf 86' lang='lat' dir='ltr'>cunctos</span> <span class='ocrx_word' id='word_1_46' title='bbox 853 537 1043 587; x_wconf 83' lang='lat' dir='ltr'>evigilavit</span> <span class='ocrx_word' id='word_1_47' title='bbox 1074 537 1199 575; x_wconf 89' lang='lat' dir='ltr'>idem.</span> 
     </span>
     <span class='ocr_line' id='line_1_9' title="bbox 314 594 1341 646; baseline -0.001 -12"><span class='ocrx_word' id='word_1_48' title='bbox 314 596 452 634; x_wconf 79' lang='lat' dir='ltr'>Cetera</span> <span class='ocrx_word' id='word_1_49' title='bbox 483 594 596 634; x_wconf 83' lang='lat' dir='ltr'>turba</span> <span class='ocrx_word' id='word_1_50' title='bbox 628 595 753 645; x_wconf 88' lang='lat' dir='ltr'>palam</span> <span class='ocrx_word' id='word_1_51' title='bbox 785 594 920 633; x_wconf 88' lang='lat' dir='ltr'>titulos</span> <span class='ocrx_word' id='word_1_52' title='bbox 952 595 1131 633; x_wconf 85' lang='lat' dir='ltr'>ostendet</span> <span class='ocrx_word' id='word_1_53' title='bbox 1162 601 1341 646; x_wconf 80' lang='lat' dir='ltr'>apertos,</span> 
     </span>
    </p>

    <p class='ocr_par' dir='ltr' id='par_1_5' title="bbox 230 653 1160 703">
     <span class='ocr_line' id='line_1_10' title="bbox 230 653 1160 703; baseline -0.002 -11"><span class='ocrx_word' id='word_1_54' title='bbox 230 662 296 693; x_wconf 94' lang='lat'>110</span> <span class='ocrx_word' id='word_1_55' title='bbox 317 653 366 692; x_wconf 89' lang='lat' dir='ltr'>Et</span> <span class='ocrx_word' id='word_1_56' title='bbox 397 666 466 692; x_wconf 90' lang='lat' dir='ltr'>sua</span> <span class='ocrx_word' id='word_1_57' title='bbox 497 653 650 691; x_wconf 86' lang='lat' dir='ltr'>detecta</span> <span class='ocrx_word' id='word_1_58' title='bbox 683 654 838 691; x_wconf 87' lang='lat' dir='ltr'>nomina</span> <span class='ocrx_word' id='word_1_59' title='bbox 869 653 996 691; x_wconf 83' lang='lat' dir='ltr'>fronte</span> <span class='ocrx_word' id='word_1_60' title='bbox 1029 660 1160 703; x_wconf 82' lang='lat' dir='ltr'>geret.</span> 
     </span>
    </p>

    <p class='ocr_par' dir='ltr' id='par_1_6' title="bbox 313 711 1474 936">
     <span class='ocr_line' id='line_1_11' title="bbox 313 711 1427 763; baseline 0 -13"><span class='ocrx_word' id='word_1_61' title='bbox 313 712 411 750; x_wconf 90' lang='lat' dir='ltr'>Tres</span> <span class='ocrx_word' id='word_1_62' title='bbox 443 711 580 762; x_wconf 88' lang='lat' dir='ltr'>procul</span> <span class='ocrx_word' id='word_1_63' title='bbox 612 711 778 750; x_wconf 87' lang='lat' dir='ltr'>obscura</span> <span class='ocrx_word' id='word_1_64' title='bbox 810 711 1004 749; x_wconf 79' lang='lat' dir='ltr'>latitantes</span> <span class='ocrx_word' id='word_1_65' title='bbox 1035 716 1145 761; x_wconf 89' lang='lat' dir='ltr'>parte</span> <span class='ocrx_word' id='word_1_66' title='bbox 1177 711 1349 763; x_wconf 83' lang='lat' dir='ltr'>videbis;</span> <span class='ocrx_word' id='word_1_67' title='bbox 1379 733 1427 739; x_wconf 96' lang='lat'>—-</span> 
     </span>
     <span class='ocr_line' id='line_1_12' title="bbox 314 770 1474 821; baseline 0 -13"><span class='ocrx_word' id='word_1_68' title='bbox 314 770 377 808; x_wconf 92' lang='lat' dir='ltr'>Sic</span> <span class='ocrx_word' id='word_1_69' title='bbox 410 782 564 821; x_wconf 90' lang='lat' dir='ltr'>quoque</span> <span class='ocrx_word' id='word_1_70' title='bbox 584 801 594 821; x_wconf 90' lang='lat'>‚</span> <span class='ocrx_word' id='word_1_71' title='bbox 627 770 730 820; x_wconf 93' lang='lat' dir='ltr'>quod</span> <span class='ocrx_word' id='word_1_72' title='bbox 764 782 875 807; x_wconf 87' lang='lat' dir='ltr'>nemo</span> <span class='ocrx_word' id='word_1_73' title='bbox 909 770 1063 820; x_wconf 87' lang='lat' dir='ltr'>nescit,</span> <span class='ocrx_word' id='word_1_74' title='bbox 1095 780 1223 807; x_wconf 83' lang='lat' dir='ltr'>amare</span> <span class='ocrx_word' id='word_1_75' title='bbox 1256 770 1397 808; x_wconf 83' lang='lat' dir='ltr'>docent</span> <span class='ocrx_word' id='word_1_76' title='bbox 1426 791 1474 798; x_wconf 90' lang='lat'>-</span> 
     </span>
     <span class='ocr_line' id='line_1_13' title="bbox 313 827 1380 880; baseline 0.001 -15"><span class='ocrx_word' id='word_1_77' title='bbox 313 827 391 866; x_wconf 88' lang='lat' dir='ltr'>Hos</span> <span class='ocrx_word' id='word_1_78' title='bbox 423 835 466 866; x_wconf 88' lang='lat' dir='ltr'>tu</span> <span class='ocrx_word' id='word_1_79' title='bbox 498 827 556 866; x_wconf 89' lang='lat' dir='ltr'>vel</span> <span class='ocrx_word' id='word_1_80' title='bbox 588 828 740 878; x_wconf 85' lang='lat' dir='ltr'>fugias,</span> <span class='ocrx_word' id='word_1_81' title='bbox 774 827 861 878; x_wconf 91' lang='lat' dir='ltr'>vel,</span> <span class='ocrx_word' id='word_1_82' title='bbox 893 829 927 865; x_wconf 89' lang='lat' dir='ltr'>si</span> <span class='ocrx_word' id='word_1_83' title='bbox 958 828 1050 865; x_wconf 89' lang='lat' dir='ltr'>satis</span> <span class='ocrx_word' id='word_1_84' title='bbox 1083 828 1163 865; x_wconf 88' lang='lat' dir='ltr'>oris</span> <span class='ocrx_word' id='word_1_85' title='bbox 1194 827 1380 880; x_wconf 84' lang='lat' dir='ltr'>habebis,</span> 
     </span>
     <span class='ocr_line' id='line_1_14' title="bbox 314 885 1176 936; baseline -0.001 -12"><span class='ocrx_word' id='word_1_86' title='bbox 314 885 531 936; x_wconf 85' lang='lat' dir='ltr'>Oedipodas</span> <span class='ocrx_word' id='word_1_87' title='bbox 563 886 678 924; x_wconf 78' lang='lat' dir='ltr'>facito</span> <span class='ocrx_word' id='word_1_88' title='bbox 711 886 1005 936; x_wconf 85' lang='lat' dir='ltr'>Telegonosque</span> <span class='ocrx_word' id='word_1_89' title='bbox 1037 897 1176 923; x_wconf 81' lang='lat' dir='ltr'>voces.</span> 
     </span>
    </p>

    <p class='ocr_par' dir='ltr' id='par_1_7' title="bbox 226 943 1530 1053">
     <span class='ocr_line' id='line_1_15' title="bbox 226 943 1530 995; baseline 0 -13"><span class='ocrx_word' id='word_1_90' title='bbox 226 953 291 984; x_wconf 90' lang='lat'>115</span> <span class='ocrx_word' id='word_1_91' title='bbox 313 943 446 995; x_wconf 86' lang='lat' dir='ltr'>Deque</span> <span class='ocrx_word' id='word_1_92' title='bbox 474 943 599 982; x_wconf 78' lang='lat' dir='ltr'>tribus</span> <span class='ocrx_word' id='word_1_93' title='bbox 619 975 629 995; x_wconf 87' lang='lat'>,</span> <span class='ocrx_word' id='word_1_94' title='bbox 660 956 799 982; x_wconf 89' lang='lat' dir='ltr'>moneo</span> <span class='ocrx_word' id='word_1_95' title='bbox 821 975 831 995; x_wconf 89' lang='lat'>,</span> <span class='ocrx_word' id='word_1_96' title='bbox 864 945 897 981; x_wconf 90' lang='lat' dir='ltr'>si</span> <span class='ocrx_word' id='word_1_97' title='bbox 923 955 997 994; x_wconf 91' lang='lat' dir='ltr'>qua</span> <span class='ocrx_word' id='word_1_98' title='bbox 1025 949 1084 981; x_wconf 87' lang='lat' dir='ltr'>est</span> <span class='ocrx_word' id='word_1_99' title='bbox 1109 943 1179 981; x_wconf 89' lang='lat' dir='ltr'>tibi</span> <span class='ocrx_word' id='word_1_100' title='bbox 1205 955 1299 982; x_wconf 87' lang='lat' dir='ltr'>cura</span> <span class='ocrx_word' id='word_1_101' title='bbox 1330 945 1503 994; x_wconf 84' lang='lat' dir='ltr'>parentis</span> <span class='ocrx_word' id='word_1_102' title='bbox 1519 976 1530 995; x_wconf 90' lang='lat'>,</span> 
     </span>
     <span class='ocr_line' id='line_1_16' title="bbox 313 1001 1361 1053; baseline 0 -13"><span class='ocrx_word' id='word_1_103' title='bbox 313 1002 368 1040; x_wconf 88' lang='lat' dir='ltr'>Ne</span> <span class='ocrx_word' id='word_1_104' title='bbox 402 1014 635 1052; x_wconf 85' lang='lat' dir='ltr'>quemquam</span> <span class='ocrx_word' id='word_1_105' title='bbox 655 1033 665 1053; x_wconf 88' lang='lat'>,</span> <span class='ocrx_word' id='word_1_106' title='bbox 698 1003 872 1052; x_wconf 86' lang='lat' dir='ltr'>quamvis</span> <span class='ocrx_word' id='word_1_107' title='bbox 904 1003 986 1051; x_wconf 84' lang='lat' dir='ltr'>ipse</span> <span class='ocrx_word' id='word_1_108' title='bbox 1020 1001 1203 1052; x_wconf 84' lang='lat' dir='ltr'>docebit,</span> <span class='ocrx_word' id='word_1_109' title='bbox 1236 1013 1361 1040; x_wconf 84' lang='lat' dir='ltr'>ames.</span> 
     </span>
    </p>

    <p class='ocr_par' dir='ltr' id='par_1_8' title="bbox 313 1059 1530 1223">
     <span class='ocr_line' id='line_1_17' title="bbox 315 1059 1530 1112; baseline -0.001 -13"><span class='ocrx_word' id='word_1_110' title='bbox 315 1060 414 1099; x_wconf 85' lang='lat' dir='ltr'>Sunt</span> <span class='ocrx_word' id='word_1_111' title='bbox 440 1072 595 1110; x_wconf 89' lang='lat' dir='ltr'>quoque</span> <span class='ocrx_word' id='word_1_112' title='bbox 621 1065 814 1110; x_wconf 85' lang='lat' dir='ltr'>mutatae,</span> <span class='ocrx_word' id='word_1_113' title='bbox 840 1065 900 1098; x_wconf 86' lang='lat' dir='ltr'>ter</span> <span class='ocrx_word' id='word_1_114' title='bbox 921 1061 1092 1110; x_wconf 88' lang='lat' dir='ltr'>quinque</span> <span class='ocrx_word' id='word_1_115' title='bbox 1118 1059 1334 1111; x_wconf 76' lang='lat' dir='ltr'>volumIna,</span> <span class='ocrx_word' id='word_1_116' title='bbox 1363 1062 1530 1112; x_wconf 79' lang='lat' dir='ltr'>formae,</span> 
     </span>
     <span class='ocr_line' id='line_1_18' title="bbox 313 1118 1225 1169; baseline -0.002 -12"><span class='ocrx_word' id='word_1_117' title='bbox 313 1118 445 1169; x_wconf 82' lang='lat' dir='ltr'>Nuper</span> <span class='ocrx_word' id='word_1_118' title='bbox 478 1118 524 1156; x_wconf 92' lang='lat' dir='ltr'>ab</span> <span class='ocrx_word' id='word_1_119' title='bbox 558 1119 732 1168; x_wconf 77' lang='lat' dir='ltr'>exequiis</span> <span class='ocrx_word' id='word_1_120' title='bbox 765 1119 935 1155; x_wconf 84' lang='lat' dir='ltr'>carmina</span> <span class='ocrx_word' id='word_1_121' title='bbox 967 1123 1075 1167; x_wconf 88' lang='lat' dir='ltr'>rapta</span> <span class='ocrx_word' id='word_1_122' title='bbox 1107 1119 1225 1156; x_wconf 89' lang='lat' dir='ltr'>meis.</span> 
     </span>
     <span class='ocr_line' id='line_1_19' title="bbox 313 1175 1205 1223; baseline -0.001 -9"><span class='ocrx_word' id='word_1_123' title='bbox 313 1176 382 1214; x_wconf 87' lang='lat' dir='ltr'>His</span> <span class='ocrx_word' id='word_1_124' title='bbox 415 1175 552 1214; x_wconf 88' lang='lat' dir='ltr'>mando</span> <span class='ocrx_word' id='word_1_125' title='bbox 586 1176 691 1214; x_wconf 89' lang='lat' dir='ltr'>dicas</span> <span class='ocrx_word' id='word_1_126' title='bbox 710 1206 721 1223; x_wconf 91' lang='lat'><em>‚</em></span> <span class='ocrx_word' id='word_1_127' title='bbox 752 1177 855 1214; x_wconf 88' lang='lat' dir='ltr'>inter</span> <span class='ocrx_word' id='word_1_128' title='bbox 886 1181 1032 1213; x_wconf 87' lang='lat' dir='ltr'>mutata</span> <span class='ocrx_word' id='word_1_129' title='bbox 1064 1176 1205 1213; x_wconf 79' lang='lat' dir='ltr'>referri</span> 
     </span>
    </p>

    <p class='ocr_par' dir='ltr' id='par_1_9' title="bbox 228 1234 1201 1283">
     <span class='ocr_line' id='line_1_20' title="bbox 228 1234 1201 1283; baseline -0.001 -10"><span class='ocrx_word' id='word_1_130' title='bbox 228 1243 291 1274; x_wconf 79' lang='lat'>120</span> <span class='ocrx_word' id='word_1_131' title='bbox 312 1234 507 1273; x_wconf 89' lang='lat' dir='ltr'>Fortunae</span> <span class='ocrx_word' id='word_1_132' title='bbox 539 1234 690 1272; x_wconf 87' lang='lat' dir='ltr'>vultum</span> <span class='ocrx_word' id='word_1_133' title='bbox 723 1245 886 1283; x_wconf 86' lang='lat' dir='ltr'>corpora</span> <span class='ocrx_word' id='word_1_134' title='bbox 918 1245 1033 1283; x_wconf 90' lang='lat' dir='ltr'>posse</span> <span class='ocrx_word' id='word_1_135' title='bbox 1069 1245 1201 1272; x_wconf 89' lang='lat' dir='ltr'>meae.</span> 
     </span>
    </p>

    <p class='ocr_par' dir='ltr' id='par_1_10' title="bbox 314 1290 1397 1401">
     <span class='ocr_line' id='line_1_21' title="bbox 316 1290 1397 1344; baseline 0 -14"><span class='ocrx_word' id='word_1_136' title='bbox 316 1292 490 1343; x_wconf 88' lang='lat' dir='ltr'>Namque</span> <span class='ocrx_word' id='word_1_137' title='bbox 524 1304 567 1330; x_wconf 87' lang='lat' dir='ltr'>ea</span> <span class='ocrx_word' id='word_1_138' title='bbox 601 1291 799 1330; x_wconf 84' lang='lat' dir='ltr'>dissimilis</span> <span class='ocrx_word' id='word_1_139' title='bbox 832 1290 961 1330; x_wconf 87' lang='lat' dir='ltr'>subito</span> <span class='ocrx_word' id='word_1_140' title='bbox 995 1296 1054 1329; x_wconf 88' lang='lat' dir='ltr'>est</span> <span class='ocrx_word' id='word_1_141' title='bbox 1086 1292 1222 1330; x_wconf 81' lang='lat' dir='ltr'>effecta</span> <span class='ocrx_word' id='word_1_142' title='bbox 1254 1292 1397 1344; x_wconf 88' lang='lat' dir='ltr'>priori,</span> 
     </span>
     <span class='ocr_line' id='line_1_22' title="bbox 314 1349 1331 1401; baseline -0.001 -13"><span class='ocrx_word' id='word_1_143' title='bbox 314 1351 534 1400; x_wconf 88' lang='lat' dir='ltr'>Flendaque</span> <span class='ocrx_word' id='word_1_144' title='bbox 569 1362 672 1389; x_wconf 84' lang='lat' dir='ltr'>nunc</span> <span class='ocrx_word' id='word_1_145' title='bbox 694 1382 704 1401; x_wconf 91' lang='lat'><em>‚</em></span> <span class='ocrx_word' id='word_1_146' title='bbox 736 1349 863 1400; x_wconf 89' lang='lat' dir='ltr'>aliquo</span> <span class='ocrx_word' id='word_1_147' title='bbox 896 1355 1073 1400; x_wconf 87' lang='lat' dir='ltr'>tempore</span> <span class='ocrx_word' id='word_1_148' title='bbox 1105 1349 1203 1388; x_wconf 79' lang='lat' dir='ltr'>laeta</span> <span class='ocrx_word' id='word_1_149' title='bbox 1235 1350 1331 1388; x_wconf 79' lang='lat' dir='ltr'>suit.</span> 
     </span>
    </p>

    <p class='ocr_par' dir='ltr' id='par_1_11' title="bbox 312 1407 1489 1517">
     <span class='ocr_line' id='line_1_23' title="bbox 312 1407 1489 1458; baseline 0.001 -12"><span class='ocrx_word' id='word_1_150' title='bbox 312 1409 426 1446; x_wconf 86' lang='lat' dir='ltr'>Plura</span> <span class='ocrx_word' id='word_1_151' title='bbox 461 1408 616 1458; x_wconf 89' lang='lat' dir='ltr'>quidem</span> <span class='ocrx_word' id='word_1_152' title='bbox 649 1407 831 1446; x_wconf 89' lang='lat' dir='ltr'>mandare</span> <span class='ocrx_word' id='word_1_153' title='bbox 863 1407 935 1446; x_wconf 91' lang='lat' dir='ltr'>tibi</span> <span class='ocrx_word' id='word_1_154' title='bbox 955 1439 964 1457; x_wconf 89' lang='lat'>,</span> <span class='ocrx_word' id='word_1_155' title='bbox 997 1408 1030 1445; x_wconf 87' lang='lat' dir='ltr'>si</span> <span class='ocrx_word' id='word_1_156' title='bbox 1063 1409 1245 1458; x_wconf 88' lang='lat' dir='ltr'>quaeris,</span> <span class='ocrx_word' id='word_1_157' title='bbox 1278 1407 1489 1447; x_wconf 86' lang='lat' dir='ltr'>habebam.</span> 
     </span>
     <span class='ocr_line' id='line_1_24' title="bbox 313 1466 1211 1517; baseline -0.003 -12"><span class='ocrx_word' id='word_1_158' title='bbox 313 1467 388 1505; x_wconf 89' lang='lat' dir='ltr'>Sed</span> <span class='ocrx_word' id='word_1_159' title='bbox 422 1479 559 1505; x_wconf 87' lang='lat' dir='ltr'>vereor</span> <span class='ocrx_word' id='word_1_160' title='bbox 590 1467 721 1504; x_wconf 84' lang='lat' dir='ltr'>tardae</span> <span class='ocrx_word' id='word_1_161' title='bbox 754 1477 869 1503; x_wconf 85' lang='lat' dir='ltr'>causa</span> <span class='ocrx_word' id='word_1_162' title='bbox 902 1466 1022 1503; x_wconf 83' lang='lat' dir='ltr'>fuisse</span> <span class='ocrx_word' id='word_1_163' title='bbox 1055 1477 1211 1517; x_wconf 83' lang='lat' dir='ltr'>morae,</span> 
     </span>
    </p>

    <p class='ocr_par' dir='ltr' id='par_1_12' title="bbox 228 1523 1522 1632">
     <span class='ocr_line' id='line_1_25' title="bbox 228 1523 1522 1577; baseline 0 -14"><span class='ocrx_word' id='word_1_164' title='bbox 228 1534 291 1564; x_wconf 75' lang='lat'>125</span> <span class='ocrx_word' id='word_1_165' title='bbox 312 1524 361 1563; x_wconf 87' lang='lat' dir='ltr'>Et</span> <span class='ocrx_word' id='word_1_166' title='bbox 394 1526 453 1576; x_wconf 87' lang='lat' dir='ltr'>si,</span> <span class='ocrx_word' id='word_1_167' title='bbox 493 1536 590 1574; x_wconf 89' lang='lat' dir='ltr'>quae</span> <span class='ocrx_word' id='word_1_168' title='bbox 624 1524 823 1574; x_wconf 87' lang='lat' dir='ltr'>subeunt,</span> <span class='ocrx_word' id='word_1_169' title='bbox 860 1529 1020 1574; x_wconf 85' lang='lat' dir='ltr'>tecum,</span> <span class='ocrx_word' id='word_1_170' title='bbox 1053 1523 1181 1575; x_wconf 87' lang='lat' dir='ltr'>liber,</span> <span class='ocrx_word' id='word_1_171' title='bbox 1214 1526 1342 1562; x_wconf 88' lang='lat' dir='ltr'>omnia</span> <span class='ocrx_word' id='word_1_172' title='bbox 1374 1525 1522 1577; x_wconf 83' lang='lat' dir='ltr'>ferres,</span> 
     </span>
     <span class='ocr_line' id='line_1_26' title="bbox 314 1582 1129 1632; baseline -0.001 -11"><span class='ocrx_word' id='word_1_173' title='bbox 314 1583 473 1621; x_wconf 86' lang='lat' dir='ltr'>Sarcina</span> <span class='ocrx_word' id='word_1_174' title='bbox 504 1583 629 1621; x_wconf 91' lang='lat' dir='ltr'>laturo</span> <span class='ocrx_word' id='word_1_175' title='bbox 663 1594 798 1632; x_wconf 85' lang='lat' dir='ltr'>magna</span> <span class='ocrx_word' id='word_1_176' title='bbox 830 1582 986 1620; x_wconf 80' lang='lat' dir='ltr'>futurus</span> <span class='ocrx_word' id='word_1_177' title='bbox 1019 1593 1129 1620; x_wconf 85' lang='lat' dir='ltr'>eras.</span> 
     </span>
    </p>

    <p class='ocr_par' dir='ltr' id='par_1_13' title="bbox 312 1639 1446 1751">
     <span class='ocr_line' id='line_1_27' title="bbox 312 1639 1446 1692; baseline 0 -13"><span class='ocrx_word' id='word_1_178' title='bbox 312 1641 442 1691; x_wconf 86' lang='lat' dir='ltr'>Longa</span> <span class='ocrx_word' id='word_1_179' title='bbox 474 1643 532 1679; x_wconf 87' lang='lat' dir='ltr'>via</span> <span class='ocrx_word' id='word_1_180' title='bbox 565 1647 653 1692; x_wconf 88' lang='lat' dir='ltr'>est,</span> <span class='ocrx_word' id='word_1_181' title='bbox 686 1639 881 1691; x_wconf 83' lang='lat' dir='ltr'>propera!</span> <span class='ocrx_word' id='word_1_182' title='bbox 926 1639 1038 1677; x_wconf 90' lang='lat' dir='ltr'>nobis</span> <span class='ocrx_word' id='word_1_183' title='bbox 1070 1639 1308 1679; x_wconf 81' lang='lat' dir='ltr'>habitabitur</span> <span class='ocrx_word' id='word_1_184' title='bbox 1340 1640 1446 1680; x_wconf 90' lang='lat' dir='ltr'>orbis</span> 
     </span>
     <span class='ocr_line' id='line_1_28' title="bbox 312 1699 1152 1751; baseline -0.001 -14"><span class='ocrx_word' id='word_1_185' title='bbox 312 1699 509 1751; x_wconf 83' lang='lat' dir='ltr'>Ultimus,</span> <span class='ocrx_word' id='word_1_186' title='bbox 541 1712 561 1737; x_wconf 87' lang='lat' dir='ltr'>a</span> <span class='ocrx_word' id='word_1_187' title='bbox 593 1706 697 1737; x_wconf 83' lang='lat' dir='ltr'>terra</span> <span class='ocrx_word' id='word_1_188' title='bbox 728 1704 833 1736; x_wconf 87' lang='lat' dir='ltr'>terra</span> <span class='ocrx_word' id='word_1_189' title='bbox 864 1703 1013 1736; x_wconf 83' lang='lat' dir='ltr'>remota</span> <span class='ocrx_word' id='word_1_190' title='bbox 1046 1710 1152 1736; x_wconf 88' lang='lat' dir='ltr'>mea.</span> 
     </span>
    </p>
   </div>
   <div class='ocr_carea' id='block_1_3' title="bbox 832 1825 890 1873">
    <p class='ocr_par' dir='ltr' id='par_1_14' title="bbox 832 1825 890 1873">
     <span class='ocr_line' id='line_1_29' title="bbox 832 1825 890 1873; baseline 0.052 -3"><span class='ocrx_word' id='word_1_191' title='bbox 832 1825 890 1873; x_wconf 89' lang='lat' dir='ltr'>II.</span> 
     </span>
    </p>
   </div>
   <div class='ocr_carea' id='block_1_4' title="bbox 273 1930 1528 2332">
    <p class='ocr_par' dir='ltr' id='par_1_15' title="bbox 273 1930 1528 2332">
     <span class='ocr_line' id='line_1_30' title="bbox 313 1930 1528 1983; baseline 0.002 -15"><span class='ocrx_word' id='word_1_192' title='bbox 313 1930 359 1969; x_wconf 89' lang='lat' dir='ltr'>Di</span> <span class='ocrx_word' id='word_1_193' title='bbox 391 1932 508 1969; x_wconf 88' lang='lat' dir='ltr'>maris</span> <span class='ocrx_word' id='word_1_194' title='bbox 541 1937 577 1968; x_wconf 91' lang='lat' dir='ltr'>et</span> <span class='ocrx_word' id='word_1_195' title='bbox 611 1930 735 1982; x_wconf 85' lang='lat' dir='ltr'>caeli,</span> <span class='ocrx_word' id='word_1_196' title='bbox 771 1951 828 1958; x_wconf 84' lang='lat'>--</span> <span class='ocrx_word' id='word_1_197' title='bbox 877 1930 969 1980; x_wconf 90' lang='lat' dir='ltr'>quid</span> <span class='ocrx_word' id='word_1_198' title='bbox 1007 1932 1110 1968; x_wconf 87' lang='lat' dir='ltr'>enirn</span> <span class='ocrx_word' id='word_1_199' title='bbox 1150 1931 1225 1969; x_wconf 88' lang='lat' dir='ltr'>nisi</span> <span class='ocrx_word' id='word_1_200' title='bbox 1263 1937 1349 1969; x_wconf 90' lang='lat' dir='ltr'>vota</span> <span class='ocrx_word' id='word_1_201' title='bbox 1394 1943 1528 1983; x_wconf 85' lang='lat' dir='ltr'>super·</span> 
     </span>
     <span class='ocr_line' id='line_1_31' title="bbox 954 1987 1162 2027; baseline 0.005 -1"><span class='ocrx_word' id='word_1_202' title='bbox 954 1987 1082 2027; x_wconf 78' lang='lat' dir='ltr'>sunt?</span> <span class='ocrx_word' id='word_1_203' title='bbox 1115 2011 1162 2016; x_wconf 91' lang='lat'>——</span> 
     </span>
     <span class='ocr_line' id='line_1_32' title="bbox 315 2046 1242 2099; baseline 0 -14"><span class='ocrx_word' id='word_1_204' title='bbox 315 2047 472 2085; x_wconf 82' lang='lat' dir='ltr'>Solvere</span> <span class='ocrx_word' id='word_1_205' title='bbox 505 2052 706 2097; x_wconf 85' lang='lat' dir='ltr'>quassatae</span> <span class='ocrx_word' id='word_1_206' title='bbox 738 2048 886 2097; x_wconf 83' lang='lat' dir='ltr'>parcite</span> <span class='ocrx_word' id='word_1_207' title='bbox 918 2046 1092 2085; x_wconf 87' lang='lat' dir='ltr'>membra</span> <span class='ocrx_word' id='word_1_208' title='bbox 1124 2048 1242 2099; x_wconf 86' lang='lat' dir='ltr'>ratis,</span> 
     </span>
     <span class='ocr_line' id='line_1_33' title="bbox 312 2104 1422 2156; baseline 0.001 -13"><span class='ocrx_word' id='word_1_209' title='bbox 312 2105 415 2143; x_wconf 79' lang='lat' dir='ltr'>Neve</span> <span class='ocrx_word' id='word_1_210' title='bbox 435 2136 445 2156; x_wconf 90' lang='lat'>,</span> <span class='ocrx_word' id='word_1_211' title='bbox 477 2117 618 2156; x_wconf 82' lang='lat' dir='ltr'>precor</span> <span class='ocrx_word' id='word_1_212' title='bbox 638 2137 649 2156; x_wconf 93' lang='lat'>,</span> <span class='ocrx_word' id='word_1_213' title='bbox 680 2106 810 2155; x_wconf 83' lang='lat' dir='ltr'>magni</span> <span class='ocrx_word' id='word_1_214' title='bbox 842 2104 1075 2143; x_wconf 85' lang='lat' dir='ltr'>subscribite</span> <span class='ocrx_word' id='word_1_215' title='bbox 1109 2105 1284 2144; x_wconf 87' lang='lat' dir='ltr'>Caesaris</span> <span class='ocrx_word' id='word_1_216' title='bbox 1316 2105 1422 2144; x_wconf 82' lang='lat' dir='ltr'>irae!</span> 
     </span>
     <span class='ocr_line' id='line_1_34' title="bbox 316 2163 1310 2214; baseline 0 -13"><span class='ocrx_word' id='word_1_217' title='bbox 316 2163 437 2213; x_wconf 84' lang='lat' dir='ltr'>Saepe</span> <span class='ocrx_word' id='word_1_218' title='bbox 470 2169 672 2214; x_wconf 86' lang='lat' dir='ltr'>premente</span> <span class='ocrx_word' id='word_1_219' title='bbox 705 2163 776 2201; x_wconf 93' lang='lat' dir='ltr'>deo</span> <span class='ocrx_word' id='word_1_220' title='bbox 809 2163 885 2201; x_wconf 87' lang='lat' dir='ltr'>fert</span> <span class='ocrx_word' id='word_1_221' title='bbox 916 2163 1013 2201; x_wconf 87' lang='lat' dir='ltr'>deus</span> <span class='ocrx_word' id='word_1_222' title='bbox 1045 2164 1141 2202; x_wconf 83' lang='lat' dir='ltr'>alter</span> <span class='ocrx_word' id='word_1_223' title='bbox 1173 2176 1310 2214; x_wconf 87' lang='lat' dir='ltr'>opem.</span> 
     </span>
     <span class='ocr_line' id='line_1_35' title="bbox 273 2221 1383 2273; baseline 0.002 -14"><span class='ocrx_word' id='word_1_224' title='bbox 273 2230 292 2260; x_wconf 82' lang='lat'>5</span> <span class='ocrx_word' id='word_1_225' title='bbox 313 2221 501 2260; x_wconf 87' lang='lat' dir='ltr'>Mulciber</span> <span class='ocrx_word' id='word_1_226' title='bbox 534 2223 572 2259; x_wconf 86' lang='lat' dir='ltr'>in</span> <span class='ocrx_word' id='word_1_227' title='bbox 605 2221 761 2260; x_wconf 90' lang='lat' dir='ltr'>Troiam</span> <span class='ocrx_word' id='word_1_228' title='bbox 781 2253 791 2273; x_wconf 94' lang='lat'>,</span> <span class='ocrx_word' id='word_1_229' title='bbox 822 2233 892 2272; x_wconf 91' lang='lat' dir='ltr'>pro</span> <span class='ocrx_word' id='word_1_230' title='bbox 926 2221 1040 2259; x_wconf 87' lang='lat' dir='ltr'>Troia</span> <span class='ocrx_word' id='word_1_231' title='bbox 1067 2222 1192 2260; x_wconf 85' lang='lat' dir='ltr'>stabat</span> <span class='ocrx_word' id='word_1_232' title='bbox 1223 2222 1383 2273; x_wconf 88' lang='lat' dir='ltr'>Apollo:</span> 
     </span>
     <span class='ocr_line' id='line_1_36' title="bbox 315 2279 1279 2332; baseline 0.002 -15"><span class='ocrx_word' id='word_1_233' title='bbox 315 2280 444 2329; x_wconf 80' lang='lat' dir='ltr'>Aequa</span> <span class='ocrx_word' id='word_1_234' title='bbox 476 2279 606 2318; x_wconf 88' lang='lat' dir='ltr'>Venus</span> <span class='ocrx_word' id='word_1_235' title='bbox 638 2279 831 2332; x_wconf 86' lang='lat' dir='ltr'>Teucris,</span> <span class='ocrx_word' id='word_1_236' title='bbox 864 2279 987 2318; x_wconf 89' lang='lat' dir='ltr'>Pallas</span> <span class='ocrx_word' id='word_1_237' title='bbox 1019 2281 1150 2331; x_wconf 87' lang='lat' dir='ltr'>iniqua</span> <span class='ocrx_word' id='word_1_238' title='bbox 1183 2281 1279 2319; x_wconf 82' lang='lat' dir='ltr'>fuit.</span> 
     </span>
    </p>
   </div>
  </div>
 </body>
</html>
