1575 2489
160 104 244 146 236
695 104 950 138 FASTORUM

637 243 674 284 2.
706 242 794 283 AN
855 243 892 283 3.
924 241 1009 283 BN

276 326 481 364 Proximus
512 324 712 376 hesperias
743 324 856 363 Titan
888 324 1063 364 abiturus
1094 326 1135 364 in
1168 325 1289 364 undas

338 384 518 421 Gemmea
549 384 759 433 purpureis
791 394 879 420 cum
910 384 998 433 iuga
1030 383 1159 422 demet
1190 384 1324 434 equis,

214 450 257 481 75
277 441 342 479 Illa
374 446 488 479 nocte
521 440 659 490 aliquis
678 471 688 491 ,
721 439 858 478 tollens
890 440 937 479 ad
969 440 1095 479 sidera
1125 441 1293 492 voltum,

335 498 445 536 Dicet
477 495 565 537 ‘uhi
596 504 654 536 est
686 497 799 536 hodie
832 509 930 548 quae
960 498 1059 549 Lyra
1089 498 1197 537 fulsit
1227 494 1365 536 he1·i?'

277 555 454 606 Dumque
486 555 623 606 Lyram
656 560 845 606 quaeret,
877 556 993 594 medii
1025 568 1179 607 quoque
1210 561 1318 607 terga
1343 554 1481 593 Leonis

337 612 380 651 In
412 613 576 663 liquidas
609 613 737 652 subito
770 625 896 652 mersa
927 613 1075 653 notabit
1106 625 1252 665 aquas.

748 704 786 744 4.
822 701 904 744 CN

279 785 402 830 Quem
434 785 548 824 modo
581 785 769 825 caelatum
802 785 922 825 stellis
954 785 1141 837 Delphina
1172 785 1351 838 videbas,

214 852 258 882 80
336 843 372 882 Is
404 843 526 894 fugiet
556 845 661 882 visus
693 850 807 883 nocte
838 849 1026 895 sequente
1058 850 1169 882 tuos:

281 901 358 940 Seu
390 901 463 940 fuit
495 901 658 940 occultis
690 901 779 939 felix
811 903 851 940 in
884 901 1079 940 amoribus
1110 901 1249 951 index,

336 958 501 997 Lesbida
533 971 622 998 cum
654 959 808 997 domino
841 971 911 998 seu
943 959 1030 998 tulit
1061 958 1123 998 ille
1155 959 1298 1010 lyram.

281 1016 390 1061 Quod
423 1028 529 1055 mare
560 1029 637 1055 non
668 1019 803 1069 novit,
836 1029 933 1067 quae
965 1018 1091 1055 nescit
1121 1017 1264 1055 Ariona
1295 1013 1445 1055 tellus?

340 1073 517 1112 Carmine
550 1080 753 1112 currentes
785 1074 848 1112 ille
879 1074 1036 1113 tenebat
1067 1087 1207 1124 aquas.

216 1139 259 1170 85
281 1131 403 1181 Saepe
436 1143 603 1182 sequens
637 1143 772 1182 agnam
803 1131 918 1182 lupus
950 1138 1009 1170 est
1040 1144 1060 1169 a
1090 1144 1184 1170 voce
1216 1137 1415 1182 retentus,

340 1189 461 1239 Saepe
494 1189 647 1227 avidum
679 1189 831 1239 fugiens
863 1190 1006 1227 restitit
1037 1201 1133 1239 agna
1163 1189 1320 1240 lupum:

282 1247 403 1297 Saepe
436 1259 551 1285 canes
582 1246 813 1298 leporesque
845 1246 980 1286 umbra
1014 1247 1184 1285 cubuere
1217 1246 1289 1285 sub
1320 1258 1419 1298 una,

338 1304 387 1342 Et
419 1306 526 1343 stetit
556 1306 596 1343 in
629 1316 719 1343 saxo
751 1306 926 1355 proxima
957 1316 1070 1343 cerva
1101 1304 1204 1344 leae:

279 1361 329 1400 Et
361 1363 442 1400 sine
474 1362 541 1400 lite
572 1362 714 1412 loquax
745 1375 834 1400 cum
865 1361 1029 1400 Palladis
1061 1362 1149 1401 alite
1182 1363 1316 1401 cornix
1432 1370 1486 1402 (38)

217 1428 261 1459 90
342 1419 477 1471 Sedit,
510 1426 549 1458 et
580 1421 755 1471 accipitri
786 1422 917 1459 iuncta
949 1419 1126 1459 columba
1157 1420 1252 1459 fuit.

282 1477 442 1528 Cynthia
475 1490 589 1528 saepe
620 1479 699 1516 tuis
731 1478 855 1516 fertur
874 1509 884 1529 ,
910 1477 1051 1516 vocalis
1082 1478 1225 1529 Arion,

339 1535 551 1585 Tamquam
582 1535 765 1573 fraternis
797 1535 1031 1586 obstipuisse
1063 1535 1210 1574 modis.

281 1592 430 1631 Nomen
462 1594 664 1631 Arionium
697 1592 845 1631 Siculas
877 1592 1102 1644 impleverat
1133 1592 1275 1643 urbes,

341 1650 535 1701 Captaque
570 1656 652 1688 erat
682 1650 812 1701 lyricis
843 1650 1010 1689 Ausonis
1042 1662 1109 1688 ora
1140 1651 1267 1688 sonis.

218 1716 260 1746 95
282 1707 374 1746 Inde
407 1708 563 1746 domurn
594 1714 776 1758 repetens
807 1720 977 1759 puppem
1009 1708 1236 1747 conscendit
1266 1708 1408 1760 Arion,

340 1766 466 1816 Atque
498 1767 551 1804 ita
584 1767 778 1816 quaesitas
810 1771 892 1804 arte
925 1765 1074 1804 ferebat
1105 1777 1220 1816 opes.

283 1823 460 1862 Forsitan
480 1855 490 1874 ,
521 1824 654 1861 infelix
673 1855 683 1874 ,
715 1829 850 1862 ventos
882 1823 1083 1874 undasque
1115 1822 1300 1863 timebas:

341 1882 390 1919 At
421 1881 490 1919 tibi
522 1893 617 1919 nave
648 1886 714 1919 tua
745 1883 868 1920 tutius
900 1893 1045 1932 aequor
1077 1887 1180 1919 erat.

283 1938 456 1989 Namque
489 1938 725 1989 gubernator
758 1938 942 1977 destricto
975 1940 1148 1977 constitit
1179 1950 1270 1977 ense

201 2005 262 2034 100
342 1996 557 2047 Ceteraque
590 2002 733 2035 armata
765 1998 919 2035 conscia
950 1996 1064 2035 turba
1095 2008 1232 2034 manu.

284 2053 385 2100 Quid
423 2054 493 2093 tibi
531 2067 619 2093 cum
658 2052 822 2105 gladio?
866 2053 1021 2092 dubiam
1059 2066 1179 2105 rege,
1216 2055 1363 2106 navita,

1001 2111 1193 2162 puppem!

341 2169 425 2208 Non
458 2169 553 2208 haec
585 2175 675 2208 sunt
706 2169 835 2220 digitis
866 2181 970 2207 arma
1001 2169 1167 2208 tenenda
1199 2170 1298 2208 tuis.

286 2227 352 2265 Ille
371 2258 382 2278 ‚
415 2234 520 2266 metu
553 2227 719 2277 viduus,
752 2224 937 2266 emortem
968 2238 1045 2265 non
1078 2224 1286 2278 deprecor'
1317 2227 1464 2279 inquit,

345 2282 443 2323 eSed
474 2285 587 2324 liceat
619 2290 771 2336 sumpta
801 2296 922 2336 pauca
954 2284 1102 2323 referre
1132 2282 1257 2336 lyras
