1575 2489
170 101 248 142 140
705 102 769 133 EX
792 101 949 134 PONTO

280 209 334 248 A!
361 211 525 247 nimium
551 213 632 259 est,
661 208 783 259 quod,
810 209 952 257 amice,
976 208 1101 258 petis.
1127 206 1364 245 moderatius
1384 210 1493 258 opta,

339 267 388 305 Et
420 267 499 305 voti
531 278 673 316 quaeso
707 265 893 304 contrahe
925 265 1008 304 vela
1039 266 1119 304 tui.

283 325 405 363 Terra
436 323 550 363 velim
583 325 742 374 propior
774 323 946 374 nullique
979 323 1144 361 obnoxia
1175 322 1275 360 bello

341 382 492 434 Detur3
525 388 608 420 erat
639 383 785 421 nostris
816 394 906 432 pars
936 381 1038 420 bona
1070 381 1223 431 dempta
1253 380 1387 420 malis.

750 508 902 555 VIIII.

285 615 391 661 Quae
423 614 518 653 mihi
550 614 596 652 de
628 618 738 664 rapto
772 619 837 652 tua
868 614 974 651 venit
1005 612 1167 663 epistola
1199 612 1332 663 Celso,

343 673 527 711 Protinus
560 677 620 710 est
650 672 819 710 lacrimis
851 671 981 710 umida
1012 671 1112 709 facta
1144 672 1262 708 meis.

286 731 476 781 Quodque
508 731 617 769 nefas
650 730 786 781 dictu,
819 730 904 767 fieri
935 741 1008 768 nec
1039 740 1153 779 posse
1186 729 1339 780 putavi,

344 789 480 827 Invitis
512 788 635 827 oculis
666 788 795 827 littera
826 788 925 826 lecta
956 793 1023 825 tua
1054 792 1134 825 est.

245 856 264 886 5
285 847 364 886 Nec
397 849 605 898 quicquam
638 846 682 885 ad
715 853 868 884 nostras
899 846 1078 897 pervenit
1110 844 1288 883 acerbius
1320 856 1435 883 aures

344 905 395 944 L't
427 917 562 944 sumus
593 907 632 943 in
664 905 788 942 Ponto
808 936 818 955 ,
850 905 1153 955 perveniatque,
1189 915 1353 953 precor.

287 964 386 1002 Ante
418 976 525 1002 meos
558 963 691 1001 oculos
724 968 920 1013 tamquam
951 963 1168 1013 praesentis
1199 963 1324 1012 imago

345 1021 515 1073 Haeret,
549 1027 588 1060 et
620 1022 834 1059 extinctum
865 1022 995 1058 vivere
1026 1020 1136 1070 fingit
1167 1031 1298 1058 amor.

289 1080 411 1130 Saepe
443 1080 565 1117 refert
597 1081 748 1117 animus
780 1078 889 1117 lusus
921 1079 1108 1129 gravitate
1141 1083 1342 1129 carentes,

225 1146 267 1176 10
348 1138 457 1175 Seria
489 1150 577 1175 cum
609 1137 755 1187 liquida
787 1148 901 1186 saepe
933 1141 1088 1186 peracta
1120 1136 1217 1174 fide.

287 1195 399 1234 Nulla
430 1201 559 1233 tamen
592 1194 762 1233 subeunt
794 1194 888 1232 mihi
919 1201 1092 1244 tempora
1126 1193 1284 1232 densius
1315 1192 1413 1245 illis,

348 1253 453 1298 Quae
486 1253 624 1291 vellem
655 1254 755 1290 vitae
787 1264 936 1291 summa
968 1252 1088 1290 fuisse
1120 1263 1251 1302 meae,

290 1312 384 1350 Cum
419 1312 556 1350 domus
588 1312 735 1361 ingenti
767 1310 895 1349 subito
927 1322 1011 1349 mea
1043 1310 1148 1360 lapsa
1180 1311 1292 1348 ruina
1446 1318 1502 1349 (31)

348 1370 526 1408 Concidit
557 1371 595 1407 in
629 1369 776 1407 domini
807 1368 1095 1419 procubuitque
1128 1374 1267 1419 caput.

229 1435 269 1466 15
290 1428 410 1466 Affuit
441 1428 503 1466 ille
536 1427 658 1477 mihi,
691 1439 778 1465 cum
811 1439 871 1465 me
905 1428 994 1477 pars
1026 1438 1161 1477 magna
1194 1426 1374 1477 reliquit,

347 1485 539 1524 Maxime!
585 1486 764 1523 fortunae
796 1497 869 1523 nec
902 1485 975 1523 fuit
1006 1485 1088 1534 ipse
1122 1496 1274 1523 comes.

289 1543 401 1582 Illum
435 1556 504 1593 ego
537 1556 614 1582 non
648 1543 758 1581 aliter
790 1543 946 1581 ssentem
978 1554 1063 1580 mea
1094 1542 1231 1581 funera
1263 1542 1363 1591 vidi,

348 1601 556 1640 Ponendus
590 1613 704 1652 quam
737 1603 769 1639 si
802 1602 921 1639 frater
953 1602 993 1639 in
1025 1602 1113 1651 igne
1147 1601 1270 1640 foret.

289 1660 423 1698 Haesit
455 1662 494 1698 in
527 1659 706 1710 amplexu
739 1660 1038 1710 consolatusque
1071 1660 1261 1697 iacentem
1295 1664 1376 1710 est,

226 1727 269 1758 20
349 1718 525 1769 Cumque
557 1720 653 1756 meis
686 1717 855 1756 lacrimis
887 1718 1044 1756 miscuit
1074 1729 1199 1768 usque
1232 1729 1346 1756 suas.

291 1776 344 1815 O!
378 1778 558 1827 quotiens
590 1778 689 1814 vitae
723 1781 855 1814 custos
886 1777 1035 1814 invisus
1068 1787 1218 1814 amarae

349 1835 550 1874 Continuit
581 1840 781 1885 promptas
814 1836 853 1872 in
886 1846 969 1872 mea
1002 1834 1077 1873 fata
1110 1832 1270 1872 manus!

291 1892 344 1932 ΟΞ
379 1894 559 1944 quotiens
593 1893 688 1930 dixit
721 1889 931 1942 ‘placabilis
963 1894 1020 1930 ira
1053 1892 1214 1930 deorum
1247 1897 1329 1931 est:

347 1951 468 2003 Vive,
500 1963 572 1990 nec
603 1952 751 2001 ignosci
783 1956 825 1989 tu
857 1950 927 1989 tibi
957 1962 1071 2001 posse
1104 1946 1227 2000 nega.9

227 2019 270 2050 25
291 2009 371 2048 Vox
406 2016 533 2048 tamen
567 2009 630 2047 illa
663 2009 736 2047 suit
768 2008 1019 2047 celeberrima
1038 2040 1049 2060 ,
1089 2005 1254 2058 ‘respice
1275 2039 1286 2059 ,
1318 2013 1504 2058 quantum

350 2068 497 2107 Debeat
529 2067 714 2106 auxilium
745 2067 933 2105 Maximus
967 2079 1052 2105 esse
1084 2066 1178 2105 tibi.

291 2126 482 2166 Maximus
514 2125 743 2176 incumbet,
776 2137 929 2176 quaque
963 2130 1022 2163 est
1053 2126 1196 2175 pietate
1216 2155 1226 2175 ‚
1259 2124 1432 2175 rogabit,

350 2185 406 2223 Ne
439 2186 488 2223 sit
521 2184 566 2223 ad
600 2190 816 2222 extremum
849 2183 1024 2222 Caesaris
1056 2184 1113 2221 ira
1145 2189 1282 2222 tenax:

294 2243 468 2294 Cumque
501 2244 582 2281 suis
614 2243 746 2281 fratris
779 2243 880 2280 vires
913 2241 1139 2292 adhibebit,
1172 2248 1210 2280 et
1243 2253 1416 2290 omnem,

228 2311 271 2340 30
352 2300 436 2346 Quo
468 2301 593 2340 levius
626 2301 785 2352 doleas,
819 2301 1042 2351 experietur
1074 2312 1186 2351 opem
1202 2297 1226 2339 ,²
