1601 2484
447 78 512 110 ΙΙΙ.
538 85 610 110 xrv
629 77 782 110 22—1V.
807 84 823 108 1
843 79 896 109 33.
1286 73 1337 114 61

413 202 594 256 LIBER
633 201 930 257 QUARTUS.

654 323 688 370 Ι.

128 419 246 470 Siqua
277 418 374 456 meis
406 417 581 468 fuerint,
612 423 656 455 ut
688 422 834 469 erunt,
865 417 1002 455 vitiosa
1034 415 1196 467 libellis,

126 477 319 515 Excusata
350 487 420 514 suo
453 480 629 525 tempore
648 506 658 526 ‚
691 474 843 528 lector,
880 474 1002 513 habe.

126 534 226 574 Exul
257 546 392 585 eram,
424 535 659 584 requiesque
691 533 785 571 mihi
805 565 815 584 ,
847 545 924 572 non
957 533 1055 570 sama
1086 533 1207 582 petita
1241 536 1320 581 est,

128 593 234 631 Mens
266 594 416 631 intenta
448 593 530 630 suis
562 604 609 630 ne
642 592 743 630 soret
774 604 899 642 usque
931 590 1065 628 malis.

86 660 106 690 5
128 651 209 690 Hoc
242 656 328 702 est,
361 662 432 689 cur
458 655 587 689 cantet
618 651 771 688 vinctus
799 660 954 700 quoque
981 647 1167 698 compede
1195 647 1343 698 fossor,

127 709 290 748 Indocili
321 720 485 747 numero
517 720 607 747 cum
639 720 753 758 grave
786 707 908 745 mollit
940 718 1060 757 opus.

128 768 265 807 Cantat
296 772 334 806 et
365 767 537 805 innitens
568 766 725 804 limosae
758 777 906 816 pronus
933 767 1126 817 harenae,

127 827 299 864 Adverso
331 825 481 864 tardam
513 826 580 875 qui
611 824 730 862 trahit
762 835 873 861 amne
906 828 1053 874 ratem3

128 884 282 935 Quique
314 884 436 922 refert
467 884 614 934 pariter
644 882 770 920 lentos
803 881 849 920 ad
881 886 1040 931 pectora
1072 892 1226 932 remos,

66 943 171 982 1011]
204 953 409 981 numerum
442 941 553 991 pulsa
584 940 741 978 brachia
772 937 802 990 †
833 939 962 990 pulsat
993 950 1114 989 aqua.

128 1001 272 1040 Fessus
302 1005 347 1039 ut
377 999 558 1038 incubuit
588 997 725 1037 baculo
749 1029 760 1048 ‚
794 1009 933 1036 saxove
965 997 1111 1035 resedit

128 1059 294 1110 Pastor,
325 1058 539 1096 arundineo
571 1057 743 1095 carmine
777 1056 921 1095 mulcet
953 1068 1068 1094 oves.

131 1117 328 1156 Cantantis
360 1117 536 1167 pariter,
568 1116 715 1166 pariter
747 1115 833 1153 data
866 1126 986 1165 pensa
1018 1112 1210 1152 trahentis

129 1175 292 1214 Fallitur
323 1174 483 1214 ancillae
516 1174 789 1224 decipiturque
823 1173 954 1212 labor.

68 1243 108 1273 15
130 1235 271 1273 Fertur
303 1239 342 1272 et
373 1232 539 1271 abducta
569 1231 782 1283 Lyrneside
814 1233 938 1270 tristis
970 1231 1139 1269 Achilles

130 1293 341 1331 Haemonia
372 1303 486 1330 curas
519 1295 741 1329 attenuasse
773 1289 877 1341 lyra.

131 1351 227 1390 Cum
260 1350 434 1389 traheret
466 1349 579 1387 silvas
612 1348 793 1399 Orpheus
826 1354 864 1386 et
896 1348 994 1386 dura
1027 1347 1199 1386 canendo

132 1409 229 1448 Saxa
248 1441 258 1461 ‚
290 1408 350 1446 bis
382 1409 521 1446 amissa
553 1409 717 1457 coniuge
750 1412 921 1445 maestus
954 1411 1059 1444 erat.

130 1468 190 1506 Me
222 1478 378 1518 quoque
409 1465 518 1504 Musa
550 1465 650 1503 levat
680 1465 794 1503 Ponti
826 1465 908 1502 loca
940 1465 1045 1502 iussa
1077 1469 1301 1514 petentem:

68 1535 111 1565 20
134 1526 220 1564 Sola
253 1536 383 1564 comes
415 1529 570 1562 nostrae
602 1524 775 1573 perstitit
806 1522 869 1561 illa
903 1523 1038 1573 fugae3

133 1584 220 1623 Sola
252 1596 324 1622 nec
355 1582 515 1621 insidias
534 1613 545 1633 ,
578 1581 678 1620 Sinti
710 1593 781 1619 nec
814 1581 948 1619 militis
981 1592 1138 1632 ensem,

131 1643 211 1681 Nec
244 1654 377 1693 mare,
410 1653 482 1680 nec
514 1645 649 1679 ventos
683 1639 979 1690 barbariamque
1012 1640 1148 1677 timet.

133 1701 215 1740 Scit
247 1712 433 1752 quoque,
466 1711 554 1738 cum
585 1700 713 1750 perii,
747 1699 834 1749 quis
865 1710 926 1737 me
958 1696 1158 1748 deceperit
1190 1709 1325 1748 error,

131 1759 180 1799 Et
212 1759 364 1810 culpam
395 1759 435 1796 in
467 1758 567 1796 facto
586 1788 596 1808 ‚
629 1769 706 1796 non
738 1756 866 1795 scelus
899 1767 984 1795 esse
1017 1767 1104 1794 meo
1124 1787 1135 1807 ‚

69 1827 111 1858 25
134 1818 290 1861 Scilicet
321 1817 394 1855 hoc
426 1818 510 1866 ipso
542 1827 647 1854 nunc
680 1827 830 1867 aequa,
863 1815 965 1865 quod
999 1813 1124 1852 obfuit
1155 1819 1268 1866 ante,

133 1877 230 1916 Cum
262 1887 415 1914 mecum
446 1875 571 1913 iuncti
603 1871 780 1912 criminis
811 1878 895 1912 acta
927 1884 993 1911 rea
1025 1879 1109 1911 est.

131 1935 217 1974 Non
249 1934 428 1985 equidem
459 1932 626 1984 vellem,
658 1933 840 1983 quoniam
871 1933 1050 1970 nocitura
1082 1930 1265 1982 fuerunt,

132 1993 331 2032 Pleridum
363 1993 484 2031 sacris
515 1992 736 2041 inposuisse
771 2002 952 2029 manum.

135 2052 211 2091 Sed
242 2063 346 2090 nunc
373 2050 464 2102 quid
492 2050 629 2088 faciam
648 2047 669 2088 P
712 2050 768 2088 vis
795 2061 855 2087 me
881 2053 988 2087 tenet
1013 2049 1098 2099 ipsa
1125 2059 1349 2099 sacrorum,

71 2119 113 2150 30
133 2110 181 2149 Et
214 2121 371 2148 carmen
403 2109 563 2147 demens
595 2109 766 2147 carmine
798 2107 926 2145 laesus
959 2118 1070 2148 amo.

135 2169 199 2207 Sic
232 2179 329 2207 nova
359 2166 535 2206 Dulichio
568 2166 668 2205 lotos
701 2171 853 2217 gustata
885 2165 1010 2215 palato

134 2227 231 2278 llio,
265 2238 341 2277 quo
373 2227 535 2277 nocuit,
568 2230 675 2275 grata
708 2235 845 2275 sapore
879 2223 975 2262 fuit.

136 2285 262 2324 Sentit
293 2296 424 2323 amans
457 2296 525 2323 sua
551 2284 688 2322 damna
715 2283 796 2321 sere
815 2313 825 2333 ,
870 2287 997 2320 tamen
1024 2281 1159 2319 haeret
1185 2281 1224 2319 in
1251 2280 1337 2330 illis,
