1575 2489
177 70 260 112 152
727 72 789 103 Ex
814 70 971 103 PONTo

292 179 467 229 Denique
499 184 628 216 tantus
661 189 767 216 amor
799 177 939 228 nobis,
972 178 1199 228 carissime,
1232 188 1408 228 semper,

351 236 527 281 Quantus
559 238 598 274 in
630 235 793 273 Aeacide
825 235 1107 286 Nestorideque
1141 236 1235 273 suit.

293 295 379 332 Non
412 306 511 345 ego,
544 295 577 332 si
607 293 764 332 hiberes
797 305 956 332 securae
988 293 1125 344 pocula
1157 292 1322 343 Lethes,

352 351 542 390 Excidere
574 351 670 390 haec
702 351 857 390 credam
884 358 1041 402 pectore
1074 363 1187 402 posse
1221 358 1310 390 tuo.

231 418 273 449 25
294 410 424 460 Longa
457 409 538 448 dies
571 411 686 448 citius
717 409 882 448 brumali
914 410 1039 448 sidere
1059 441 1069 461 ,
1102 421 1255 459 noxque

353 467 516 506 Tardior
546 467 709 506 hiberna
741 467 950 506 solstitialis
983 469 1079 518 erit,

295 525 374 564 Nec
400 525 570 576 Babylon
597 531 768 576 aestum,
802 538 874 564 nec
901 526 1043 576 frigora
1069 525 1217 563 Pontus
1249 524 1428 576 habebit,
1449 533 1505 565 (50)

355 583 565 634 Calthaque
597 584 803 622 Paestanas
835 585 963 622 vincet
994 583 1113 622 odore
1145 595 1277 633 rosas,

297 642 420 688 Quam
452 641 523 680 tibi
555 648 777 680 nostrarum
809 643 964 680 veniant
996 641 1133 679 oblivia
1166 654 1320 682 rerum.

233 709 276 740 30
356 700 441 738 Non
473 701 526 739 ita
557 712 646 751 pars
679 700 746 738 sati
778 699 937 738 candida
969 699 1073 737 nulla
1104 701 1181 737 mei
1213 705 1295 738 est.

295 758 351 797 Ne
383 765 512 797 tamen
544 758 639 797 haec
671 758 747 796 dici
778 759 901 808 possit
932 757 1073 795 fiducia
1105 757 1267 796 mendax

358 816 560 867 Stultaque
594 816 803 855 credulitas
836 822 968 854 nostra
1001 816 1150 865 fuisse,
1183 827 1297 866 eave,

298 874 577 925 Constantique
610 875 683 913 fide
716 880 888 913 veterem
920 879 1049 912 tutare
1083 873 1274 923 sodalem,

357 933 441 979 Qua
471 933 562 971 licet
594 939 632 972 et
664 938 851 984 quantum
885 944 961 970 non
995 944 1184 970 onerosus
1217 943 1306 970 ero.

818 1059 872 1106 V.

300 1164 463 1203 Condita
496 1164 716 1215 disparibus
749 1165 923 1203 numeris
955 1175 1026 1214 ego
1058 1163 1159 1201 Naso
1193 1162 1329 1201 Salano

357 1223 582 1273 Praeposita
615 1224 704 1261 misi
736 1222 852 1260 verba
884 1222 1006 1260 salute
1041 1233 1149 1273 meo3

300 1281 405 1327 Quae
437 1287 519 1320 rata
552 1283 601 1319 sit
634 1283 777 1332 cupio,
809 1280 1006 1331 rebusque
1039 1285 1083 1318 ut
1114 1285 1309 1330 competat
1339 1291 1476 1331 omen,

358 1339 412 1378 Te
445 1352 587 1391 precor
618 1352 639 1378 a
671 1339 772 1378 salvo
805 1340 957 1390 possit,
989 1339 1111 1377 amice
1131 1369 1141 1386 ‚
1174 1337 1269 1388 legi.

266 1408 285 1437 ὃ
307 1397 485 1449 Candor,
517 1399 556 1436 in
589 1398 662 1436 1100
695 1410 785 1436 aevo
819 1409 882 1436 res
914 1399 1170 1436 intermortua
1202 1408 1349 1448 paene,

359 1456 515 1507 Exigit,
547 1462 591 1495 ut
623 1457 759 1495 faciam
790 1455 880 1494 talia
910 1461 996 1494 vota
1015 1486 1026 1507 ,
1059 1461 1172 1493 tuus.

300 1515 395 1553 Nam
428 1516 569 1553 fuerim
603 1516 777 1565 quamvis
809 1513 960 1552 modico
991 1513 1062 1552 tibi
1092 1514 1250 1551 iunctus
1282 1512 1328 1550 ab
1361 1524 1460 1564 usu,

360 1573 510 1611 Diceris
543 1573 666 1611 exiliis
699 1573 911 1611 indoluisse
943 1573 1063 1610 meis:

301 1631 494 1682 Missaque
527 1630 573 1669 ab
606 1631 757 1669 Euxino
789 1631 940 1681 legeres
973 1642 1061 1669 cum
1094 1630 1264 1668 carmina
1296 1629 1444 1681 Ponto,

240 1698 281 1729 10
360 1690 426 1728 Illa
458 1695 550 1728 tuus
581 1690 679 1728 iuvit
711 1689 1007 1740 qualiacumque
1040 1688 1169 1727 favor:

303 1748 532 1800 Optastique
565 1747 722 1786 brevem
755 1747 847 1786 salvi
879 1747 972 1785 mihi
1005 1746 1179 1785 Caesaris
1210 1747 1333 1797 iram,

362 1806 474 1852 Quod
506 1812 635 1844 tamen
668 1807 821 1857 optari,
854 1807 886 1844 si
919 1806 1042 1856 sciat,
1074 1806 1158 1855 ipse
1191 1805 1312 1842 sinat.

302 1865 477 1904 Moribus
508 1866 581 1903 ista
613 1866 691 1903 tuis
723 1871 800 1902 tam
832 1865 937 1902 mitia
970 1869 1057 1902 vota
1089 1862 1253 1913 dedisti,

363 1923 442 1962 Nec
474 1924 604 1961 minus
636 1922 782 1962 idcirco
816 1928 907 1961 sunt
939 1934 982 1960 ea
1015 1927 1121 1972 grata
1154 1920 1268 1958 mihi,

241 1990 282 2021 15
305 1982 469 2032 Quoque
496 1983 617 2032 magis
642 1993 819 2020 moveare
846 1980 978 2031 malis,
1006 1980 1253 2030 doctissime,
1279 1979 1443 2029 nostris,
1460 1986 1516 2019 (51)

364 2039 557 2079 Credibile
590 2046 650 2078 est
681 2040 765 2078 fieri
797 2039 1025 2077 condicione
1057 2038 1155 2076 loci.

304 2098 373 2137 Vix
405 2099 477 2137 hac
509 2100 683 2137 invenies
715 2103 868 2149 totum,
902 2097 996 2135 mihi
1028 2096 1143 2135 crede
1163 2128 1173 2147 ,
1205 2108 1275 2146 per
1307 2095 1464 2147 orbem,

365 2157 470 2202 Quae
503 2158 632 2196 minus
664 2157 837 2206 Augusta
868 2167 962 2206 pace
996 2155 1148 2193 fruatur
1181 2154 1344 2193 humus.

304 2215 363 2254 Tu
395 2220 523 2253 tamen
556 2215 619 2253 hic
651 2220 821 2254 structos
852 2216 955 2252 inter
988 2213 1068 2251 sera
1099 2213 1246 2263 proelia
1278 2224 1413 2251 versus

242 2282 284 2312 ‘20
364 2272 413 2311 Et
444 2273 540 2324 legis
572 2280 610 2312 et
642 2273 762 2312 lectos
796 2285 862 2311 ore
895 2273 1047 2310 favente
1079 2271 1245 2323 probas,
