1575 2489
182 97 265 139 226
714 98 966 131 FASTORUM

722 237 784 277 10.
816 235 852 276 Β
884 236 969 278 EN

298 319 458 357 Postera
489 319 555 357 lux
586 319 753 357 hiemem
785 318 912 357 medio
944 319 1165 358 discrimine
1199 322 1347 371 signat,

210 385 277 416 460
355 377 565 427 Aequaque
597 377 829 426 praeteritae
863 389 959 426 quae
992 377 1218 429 superabit,
1250 378 1346 415 erit.

520 466 585 507 11.
618 464 650 507 C
683 464 907 507 CAR-N)
972 467 1036 507 12.
1066 465 1147 508 DC

297 547 477 586 Proxima
507 550 720 599 prospiciet
750 548 918 587 Tithono
950 549 1098 588 Aurora
1129 548 1265 587 relicto

355 606 541 644 Arcadiae
574 618 726 644 sacrum
758 606 978 656 pontificale
1011 608 1125 645 deae.

298 664 351 701 Te
385 675 540 714 quoque
572 663 638 701 lux
670 663 803 701 eadem
823 695 833 714 ‚
864 663 987 702 Turni
1019 676 1129 702 soror
1148 695 1159 714 ‚
1190 663 1284 702 aede
1316 664 1488 714 recepit,

355 720 427 759 Hic
460 721 527 759 uhi
559 720 738 771 Virginea
769 721 935 772 Campus
967 721 1097 759 obitur
1129 733 1249 771 aqua.

211 787 277 817 465
299 778 406 817 Unde
438 784 566 830 petam
599 791 733 817 causas
765 778 905 817 horum
937 790 1163 829 moremque
1195 790 1417 830 sacrorum,

357 836 504 886 Diriget
534 838 573 874 in
606 836 733 875 medio
766 838 852 887 quis
886 848 969 874 mea
1000 836 1083 875 vela
1114 834 1248 875 freto‘?

298 894 383 944 ipsa
414 905 556 945 mone,
590 906 686 944 quae
718 906 860 932 nomen
891 894 1009 932 habes
1042 906 1062 932 a
1094 895 1263 932 carmine
1296 894 1482 944 ductum,

357 951 639 1002 Propositoque
671 952 754 990 fave
774 983 783 1001 ‚
814 963 862 990 ne
895 957 986 990 tuus
1019 957 1124 990 erret
1154 951 1300 990 honor.

301 1014 393 1048 Urta
425 1011 532 1059 prior
563 1009 653 1048 luna
681 1031 722 1035 —
749 1009 796 1047 de
829 1021 870 1047 se
903 1011 935 1047 si
967 1009 1139 1047 creditur
1170 1010 1245 1059 ipsi
1269 1029 1313 1035 —

211 1075 279 1105 470
357 1067 387 1104 A
420 1078 556 1116 magno
588 1066 703 1104 tellus
735 1067 881 1105 Arcade
914 1079 1055 1104 nomen
1086 1066 1224 1104 habet.

301 1124 370 1162 Hic
401 1124 474 1162 fuit
505 1123 682 1161 Evander
700 1154 710 1174 7
743 1126 810 1174 qui
842 1136 1073 1174 quamquam
1105 1124 1231 1162 clarus
1262 1129 1453 1175 utroque⁷

357 1180 531 1219 Nobilior
563 1193 694 1219 sacrae
728 1182 912 1231 sanguine
946 1183 1080 1219 matris
1112 1186 1216 1219 erat.

300 1239 405 1284 Quae
438 1238 553 1277 simul
584 1238 778 1277 aetherios
809 1240 935 1276 animo
968 1243 1200 1289 conceperat
1229 1240 1362 1290 ignes,

359 1296 435 1335 Ore
468 1296 581 1335 dabat
611 1296 726 1346 pleno
759 1298 928 1335 carmina
960 1308 1049 1335 vera
1081 1297 1165 1335 dei.

213 1363 278 1394 475
300 1354 457 1393 Dixerat
487 1354 582 1393 haec
614 1360 702 1392 nato
735 1360 863 1393 motus
894 1356 1040 1392 instare
1072 1354 1245 1405 sibique,

358 1412 553 1462 Multaque
585 1418 816 1463 praeterea3
847 1417 1020 1462 tempore
1054 1417 1163 1450 nacta
1194 1412 1330 1450 fidem.

301 1470 397 1508 Nam
428 1472 579 1508 iuvenis
611 1471 773 1508 nimium
805 1482 894 1508 vera
926 1481 1013 1508 cum
1045 1475 1166 1507 matre
1199 1470 1352 1519 fugatus

360 1527 513 1566 Deserit
544 1528 744 1566 Arcadiam
776 1527 1100 1577 Parrhasiumque
1132 1528 1273 1566 larem.

302 1585 373 1624 Cui
404 1587 579 1635 genetrix
610 1585 718 1623 ssenti
751 1582 925 1623 efortuna
957 1584 1139 1622 viriliter'
1174 1586 1301 1634 inquit
1327 1606 1369 1610 —

215 1651 282 1682 480
362 1639 484 1681 ‘Siste
503 1673 514 1694 ,
546 1654 686 1693 precor
703 1673 714 1694 ‚
745 1641 951 1681 lacrimas!
978 1664 1020 1668 -
1047 1644 1119 1680 ista
1145 1642 1303 1680 ferenda
1330 1641 1400 1680 tibi
1427 1647 1507 1680 est.

303 1700 366 1739 Sic
399 1707 481 1739 erat
511 1702 551 1738 in
583 1701 700 1739 satis:
745 1712 816 1739 nec
847 1706 885 1738 te
917 1705 982 1738 tua
1014 1699 1125 1750 culpa
1157 1700 1324 1751 fugavit,

361 1758 436 1797 Sed
469 1758 593 1797 deus:
637 1759 783 1796 offenso
815 1757 950 1808 pulsus
984 1769 1025 1795 es
1057 1756 1153 1796 urbe
1186 1758 1280 1796 de0.

303 1816 387 1854 Non
418 1817 548 1854 meriti
578 1828 741 1867 poenam
772 1817 916 1867 pateris
935 1846 945 1866 ,
977 1814 1044 1853 sed
1077 1816 1246 1853 numinis
1277 1816 1395 1853 iram.

360 1873 429 1912 Est
461 1874 603 1924 aliquid
635 1875 783 1924 magnis
815 1875 962 1912 crimen
994 1872 1129 1911 abesse
1161 1872 1292 1910 malis.

215 1940 282 1972 485
303 1932 464 1971 Conscia
496 1943 604 1970 mens
637 1937 681 1970 ut
716 1933 856 1982 cuique
889 1943 956 1969 sua
989 1937 1076 1981 est,
1112 1931 1164 1968 ita
1202 1931 1370 1980 concipit
1408 1931 1506 1968 intra

360 1990 524 2028 Pectora
555 2002 625 2041 pro
658 1990 758 2028 facto
791 2001 976 2040 spemque
1008 1993 1233 2038 metumque
1265 1999 1360 2026 suo.

302 2048 382 2086 Nec
414 2054 542 2086 tamen
575 2053 619 2086 ut
648 2049 797 2098 primus
830 2058 958 2085 maere
990 2045 1085 2084 mala
1117 2045 1204 2083 talia
1237 2057 1396 2096 passus:

362 2105 501 2144 Obruit
532 2107 708 2156 ingentes
740 2107 811 2143 ista
843 2103 1010 2155 procella
1042 2105 1170 2141 viros.

303 2163 443 2202 Passus
474 2163 576 2202 idem
609 2169 668 2202 est
684 2193 695 2214 ,
722 2162 847 2213 Tyriis
875 2163 940 2212 qui
966 2161 1159 2212 quondam
1190 2160 1325 2211 pulsus
1358 2160 1506 2200 aboris

216 2229 283 2260 490
363 2221 528 2259 Cadmus
559 2222 598 2259 in
630 2222 748 2259 Aonia
781 2221 954 2259 constitit
988 2219 1075 2257 exul
1106 2219 1248 2257 humo:

303 2278 444 2317 Passus
478 2280 579 2317 idem
612 2279 764 2329 Tydeus
797 2283 835 2316 et
866 2277 966 2316 idem
998 2277 1190 2328 Pagaseus
1222 2275 1355 2328 Iason,
