1575 2489
490 79 549 112 IV.
576 87 636 112 vn
657 81 698 112 19
708 87 841 113 —vnn
861 81 893 113 8.
1308 79 1361 120 75

148 187 223 226 Sed
255 188 368 226 modo
387 219 397 238 ,
430 199 527 237 quos
559 186 705 238 habui,
738 199 879 226 vacuos
911 187 1095 226 secedere
1130 188 1170 225 in
1202 187 1360 240 hortos,

146 245 256 284 Nunc
288 246 487 284 hominum
519 246 603 283 visu
636 257 775 284 rursus
807 251 846 284 et
876 244 980 284 Urbe
1013 246 1114 284 frui.

148 303 211 341 Sic
242 305 368 341 animo
401 302 595 353 quondam
628 315 705 341 non
739 303 933 342 divinante
967 304 1097 342 sutura

83 369 125 399 30
146 360 333 412 Optabam
365 361 513 412 placide
546 362 673 399 vivere
706 373 821 412 posse
854 373 996 400 seneX.

145 419 235 457 Fata
267 424 563 471 repugnarunt,
597 430 694 469 quae
728 431 817 457 cum
849 419 942 457 mihi
974 424 1149 471 tempora
1181 421 1305 471 prima

145 476 271 515 Mollia
303 476 556 528 praebuerint
575 508 586 528 ‚
617 479 834 527 posteriora
867 483 1048 527 gravant.

144 534 300 586 Iamque
332 535 466 573 decem
499 534 633 573 lustris
666 536 771 573 omni
803 536 886 573 sine
918 534 1002 573 labe
1035 538 1205 586 peractis

144 593 257 631 Parte
289 605 448 644 premor
479 594 578 631 vitae
611 592 805 631 deteriore
837 605 971 645 meae3

81 658 124 689 35
144 650 223 689 Nec
254 651 392 702 procul
423 662 444 689 a
476 652 618 702 metis,
652 663 747 701 quas
779 663 900 702 paene
932 656 1068 689 tenere
1100 651 1281 704 videbar,

144 708 347 748 Curriculo
380 710 506 759 gravis
540 714 599 747 est
631 709 730 747 facta
762 710 874 747 ruina
906 720 1019 748 meo.

144 767 247 817 Ergo
279 767 387 806 illum
419 767 579 805 demens
612 768 651 804 in
684 779 744 804 me
778 768 925 804 saevire
958 768 1090 818 coegi,

144 825 275 863 Mitius
306 827 507 863 inmensus
541 836 616 875 quo
649 824 745 862 nihil
777 823 882 862 orbis
914 822 1065 863 habet?

144 882 307 934 Ipsaque
339 883 489 922 delictis
522 884 622 921 victa
654 887 714 920 est
745 882 950 920 clementia
982 885 1153 935 nostris,

82 949 124 979 40
145 941 223 979 Nec
256 947 382 979 tamen
417 942 543 979 errori
574 941 651 978 vita
683 945 820 991 negata
852 952 938 978 meo
971 939 1064 980 est‘?

144 998 226 1037 Vita
258 998 395 1050 procul
427 1000 550 1049 patria
582 998 801 1049 peragenda
834 999 906 1037 sub
939 1011 1008 1037 axe
1041 999 1186 1052 boreo,

145 1057 227 1102 Qua
259 1059 376 1095 maris
408 1056 551 1095 Euxini
583 1063 688 1095 terra
720 1058 877 1094 sinistra
910 1055 1044 1096 iacet?

143 1115 225 1154 Hoc
257 1115 351 1153 mihi
383 1116 417 1153 si
447 1114 584 1165 Delphi
615 1114 852 1165 Dodonaque
885 1115 1034 1154 diceret
1065 1117 1172 1168 ipsa,

144 1173 239 1212 Esse
271 1173 471 1212 videretur
502 1185 623 1211 vanus
655 1178 822 1223 uterque
854 1173 986 1212 locus.

80 1239 123 1270 45
144 1231 204 1270 Nil
236 1231 330 1270 adeo
361 1231 529 1270 validum
562 1237 649 1282 est,
682 1231 835 1269 adamas
867 1231 958 1270 licet
989 1231 1118 1282 alliget
1150 1232 1270 1279 illud,

146 1289 194 1328 Ut
225 1294 377 1328 maneat
408 1289 541 1340 rapido
574 1290 723 1327 firmius
755 1290 843 1339 igne
875 1288 1000 1340 Iovis;

144 1347 205 1386 Nil
237 1349 289 1386 ita
321 1347 486 1386 sublime
519 1353 577 1386 est
609 1359 804 1398 supraque
837 1347 1011 1398 pericula
1043 1348 1191 1400 tendit,

144 1405 228 1444 Non
261 1407 311 1444 sit
342 1411 385 1444 ut
416 1406 579 1444 inferius
611 1407 935 1456 suppositumque
968 1406 1062 1444 dec.

144 1464 239 1502 Nam
271 1475 502 1514 quamquam
535 1465 628 1502 vitio
660 1476 750 1514 pars
783 1469 842 1502 est
874 1469 1073 1502 contracta
1106 1464 1318 1518 malorum,

81 1530 123 1561 50
145 1522 234 1561 l'lus
267 1527 395 1560 tamen
429 1523 535 1560 exitii
567 1523 737 1560 numinis
769 1523 826 1560 ira
859 1522 987 1561 dedit.

145 1581 193 1619 At
224 1591 290 1618 vos
323 1580 509 1618 admoniti
540 1581 685 1618 nostris
719 1592 872 1630 quoque
907 1579 1062 1619 casibus
1095 1587 1202 1633 este,

144 1639 382 1690 Aequantem
416 1650 579 1690 superos
613 1640 826 1677 emeruisse
860 1637 1009 1677 virum!

615 1765 765 1812 VIIII.

146 1871 187 1909 Si
217 1871 308 1910 licet
338 1876 377 1910 et
407 1872 580 1922 pateris,
613 1883 755 1909 nomen
788 1871 1016 1922 facinusque
1050 1871 1210 1923 tacebo,

144 1929 193 1967 Et
223 1935 287 1968 tua
319 1929 498 1968 Lethaeis
531 1935 612 1968 acta
645 1929 842 1968 dabuntur
874 1932 1008 1981 aquis,

144 1987 360 2038 Nostraque
394 1989 572 2026 vincetur
603 1987 773 2026 lacrimis
805 1987 1011 2026 clementia
1044 1989 1168 2027 seris:

146 2045 220 2083 Fac
252 2046 365 2084 modo
384 2077 395 2098 ,
426 2051 464 2084 te
496 2050 625 2097 pateat
655 2047 893 2097 paenituisse
926 2047 1005 2084 tui.

104 2111 124 2141 5
145 2103 219 2142 Fac
251 2104 364 2142 modo
384 2135 394 2155 ,
425 2109 463 2142 te
496 2104 656 2142 damnes
689 2106 901 2155 cupiasque
934 2103 1094 2142 eradere
1127 2105 1225 2143 vitae

145 2161 336 2212 Tempora
355 2193 365 2213 ,
397 2163 430 2200 si
461 2163 587 2213 possis
606 2194 616 2214 ,
649 2161 882 2213 Tisiphonea
914 2167 1026 2200 tuae.

146 2219 213 2257 Sin
246 2221 403 2270 minus,
436 2226 474 2259 et
505 2220 668 2271 flagrant
699 2220 786 2258 odio
819 2225 884 2258 tua
917 2225 1076 2270 pectora
1108 2226 1267 2273 nostro,

144 2276 283 2315 lnduet
314 2278 446 2316 infelix
479 2290 583 2316 arma
616 2284 747 2317 coacta
780 2278 913 2317 dolor.
