1601 2484
591 77 637 109 11.
664 79 858 110 505—578.
1336 73 1390 114 37

177 185 365 225 Praeterii
397 186 539 224 totiens
570 187 819 223 inrevocatus
852 196 994 234 equeS.

179 243 282 294 Ergo
315 255 412 294 quae
444 244 595 282 iuvenis
627 242 722 281 mihi
753 254 831 281 non
863 243 1041 280 nocitura
1071 241 1203 292 putavi

178 301 330 353 Scripta
361 314 499 352 parum
531 301 704 352 prudens
723 332 734 352 ‚
766 312 870 339 nunc
902 312 1073 338 nocuere
1105 301 1210 338 seni.

91 367 157 398 545
180 359 274 398 Sera
306 359 538 398 redundavit
568 360 711 397 veteris
743 359 912 397 vindicta
943 358 1086 409 libelli,

177 418 303 457 Distat
335 424 374 457 et
404 430 425 456 a
456 419 586 456 meriti
617 423 792 467 tempore
824 428 949 467 poena
982 417 1065 455 sui.

177 476 234 514 Ne
266 482 395 514 tamen
426 487 540 514 omne
572 487 702 514 meum
735 475 870 513 credas
909 486 1008 525 opus
1046 485 1132 512 esse
1163 474 1393 525 remissum,

180 533 301 585 Saepe
334 534 423 572 dedi
454 539 610 572 nostrae
642 533 801 584 grandia
833 533 914 571 vela
946 533 1043 571 rati.

180 592 255 630 Sex
288 604 358 643 ego
390 591 595 631 Fastorum
629 593 769 641 scripsi
801 591 1041 641 totidemque
1073 589 1247 641 libellos,

91 658 157 689 550
179 650 353 701 Cumque
386 662 457 689 suo
489 651 606 688 finem
637 662 771 687 mense
804 649 984 687 volumen
1015 647 1155 699 habet,

177 708 297 759 quue
330 714 397 747 tuo
429 720 555 759 nuper
588 709 778 758 scriptum
811 706 883 745 sub
915 707 1072 744 nomine
1091 737 1102 758 ‚
1134 705 1297 756 Caesar,

177 766 227 804 Et
257 766 329 805 tibi
360 772 554 805 sacratum
587 777 672 805 sors
704 777 789 803 mea
819 767 926 816 rupit
958 776 1078 815 opus3

176 824 226 863 Et
258 824 435 863 dedimus
467 825 624 875 tragicis
656 825 847 873 scriptum
878 823 1006 873 regale
1039 822 1265 872 cothurnis,

179 882 364 933 Quaeque
397 883 523 933 gravis
555 881 672 921 debet
703 881 819 919 verba
852 881 1069 920 cothurnus
1101 880 1240 931 habet3

90 947 156 978 555
177 940 365 991 Dictaque
398 946 490 979 sunt
521 939 633 978 nobis
651 971 662 991 ‚
704 941 878 990 quamvis
910 951 1048 977 manus
1079 938 1215 978 ultima
1247 939 1395 989 coeptis

177 998 337 1050 Defuit,
368 1000 408 1037 in
439 999 558 1037 facies
591 1009 755 1048 corpora
786 1009 898 1036 versa
930 1009 1071 1036 novas.

178 1058 305 1107 Atque
336 1058 483 1095 utinam
516 1068 677 1095 revoces
709 1057 880 1094 animum
911 1055 1110 1106 paulisper
1142 1054 1189 1093 ab
1220 1056 1301 1106 ira,

179 1114 228 1153 Et
258 1126 378 1153 vacuo
410 1114 546 1153 iubeas
577 1114 668 1152 hinc
699 1113 770 1152 tibi
800 1126 924 1165 pauca
955 1114 1055 1166 legi,

179 1172 335 1224 Pauca,
368 1172 509 1222 quibus
540 1174 665 1223 prima
698 1184 862 1222 surgens
895 1171 941 1210 ab
973 1173 1122 1222 origine
1155 1170 1290 1210 mundi

93 1230 223 1268 5601n
255 1236 321 1268 tua
353 1230 495 1268 deduxi
525 1236 700 1281 tempora
719 1261 730 1282 ‚
762 1229 902 1268 Caesar
920 1261 931 1281 ‚
963 1229 1084 1281 opus!

180 1289 355 1338 Aspicies
373 1319 384 1339 ‚
417 1293 605 1339 quantum
638 1287 792 1326 dederis
825 1287 919 1326 mihi
949 1289 1120 1339 pectoris
1152 1289 1260 1339 ipse,

181 1346 344 1396 Quoque
377 1346 506 1384 favore
539 1347 657 1384 animi
688 1351 805 1396 teque
837 1351 1006 1396 tuosque
1038 1358 1195 1384 canam.

178 1403 263 1442 Non
296 1416 366 1454 ego
398 1404 571 1442 mordaci
603 1404 793 1442 destrinxi
825 1405 996 1442 carmine
1029 1416 1283 1455 quemquam,

178 1461 258 1500 Nec
289 1473 400 1500 meus
432 1461 549 1500 ullius
582 1463 744 1500 crimina
775 1474 912 1500 versus
944 1462 1083 1502 habet.

91 1528 157 1558 565
179 1519 372 1558 Candidus
399 1531 419 1558 a
451 1519 596 1558 salibus
628 1520 787 1558 suffusis
820 1519 906 1558 selle
938 1521 1090 1571 refugi:

180 1577 290 1616 Nulla
323 1584 511 1616 venenato
543 1578 673 1616 littera
703 1579 822 1615 mixta
853 1579 939 1616 ioco
972 1585 1053 1616 est.

178 1635 284 1674 Inter
315 1642 372 1674 tot
402 1636 564 1687 populi,
597 1642 655 1674 tot
685 1637 842 1686 scriptis
861 1667 872 1687 ‚
904 1636 1007 1674 milia
1039 1638 1188 1689 nostri,

180 1693 304 1739 Quem
335 1706 420 1732 mea
453 1694 620 1745 Calliope
652 1693 837 1745 laeserit,
870 1707 971 1732 unus
1004 1707 1095 1733 ero.

178 1751 262 1790 Non
294 1753 413 1803 igitur
444 1754 589 1791 nostris
621 1751 743 1791 ullum
775 1752 944 1802 gaudere
978 1752 1170 1798 Quiritem

92 1818 158 1848 570
178 1811 387 1860 Auguror,
419 1816 457 1849 at
488 1810 630 1849 multos
662 1809 875 1849 indoluisse
908 1811 1042 1863 malis;

178 1868 257 1906 Nec
283 1868 377 1907 mihi
403 1868 588 1907 credibile
615 1874 702 1920 est,
736 1881 970 1919 quemquam
995 1869 1202 1908 insultasse
1229 1871 1394 1923 iacenti,

178 1926 307 1965 Gratia
340 1926 500 1965 candori
531 1928 640 1978 siqua
672 1926 793 1966 relata
824 1939 935 1967 meo,

176 1983 275 2036 His,
305 1996 475 2037 precor,
508 1991 623 2035 atque
655 1985 739 2024 aliis
769 1987 922 2036 possint
953 1992 1019 2025 tua
1050 1988 1211 2026 numina
1241 1987 1372 2040 flecti,

178 2042 210 2081 O
241 2048 381 2096 pater,
413 2056 435 2082 0
465 2045 613 2094 patriae
646 2055 740 2082 cura
772 2044 955 2095 salusque
987 2044 1099 2083 tuae!

91 2107 157 2139 575
176 2100 292 2153 Non,
323 2107 366 2140 ut
397 2103 437 2140 in
468 2103 677 2141 Ausoniam
709 2101 866 2140 redeam
885 2134 896 2155 ‚
928 2104 1003 2141 nisi
1035 2103 1199 2142 forsitan
1232 2103 1348 2157 olim,

178 2158 274 2197 Cum
305 2158 419 2210 longo
450 2172 598 2211 poenae
631 2166 806 2211 tempore
839 2162 965 2199 victus
997 2162 1099 2212 eris,

177 2216 316 2256 Tutius
349 2218 506 2257 exilium
537 2218 729 2269 pauloque
763 2220 933 2269 quietius
965 2231 1057 2270 oro,

177 2274 227 2314 Ut
257 2287 327 2326 par
359 2275 499 2316 delicto
532 2278 583 2315 sit
613 2289 697 2315 mea
729 2288 853 2328 poena
885 2289 967 2316 suo.
