1575 2489
175 87 260 128 230
706 87 958 121 FASTORUM

205 203 272 234 600
351 195 453 240 Quot
483 206 645 233 numero
677 200 812 245 gentes
843 195 1031 233 maximus
1063 194 1169 234 orbis
1199 194 1316 233 habet
1335 225 1345 234 .

289 252 347 291 Ex
378 264 455 291 uno
488 252 643 302 quidam
675 251 848 290 celebres
880 258 946 291 aut
975 254 1126 303 torquis
1158 252 1348 304 adempti,

350 310 425 348 Aut
457 311 563 348 corvi
594 309 727 348 titulos
759 309 953 348 auxiliaris
984 310 1149 349 habent.

292 367 426 416 Magne
446 398 456 418 ,
488 372 599 406 tuum
630 378 771 405 nomen
803 379 934 405 rerum
967 373 1026 406 est
1056 379 1239 407 mensura
1271 373 1449 406 tuarum:

351 424 426 463 Sed
459 426 526 475 qui
556 430 594 464 te
625 426 745 476 vicit,
777 426 931 463 nomine
963 427 1084 464 maior
1115 432 1220 464 erat.

205 490 271 522 605
291 482 370 521 Nec
402 482 544 533 gradus
577 488 636 521 est
666 482 767 521 ultra
798 481 936 521 Fabios
969 485 1208 533 cognominis
1240 481 1365 522 ullus:

349 539 416 578 Illa
448 540 585 579 domus
616 541 766 578 meritis
798 539 960 578 Maxima
992 540 1093 579 dicta
1125 543 1228 579 suis.

294 598 368 636 Sed
401 605 529 636 tamen
559 598 738 636 humanis
771 597 1017 636 celebrantur
1047 598 1261 637 honoribus
1293 610 1451 649 omnes,

349 655 420 694 Hic
452 657 600 694 socium
633 667 783 694 summo
815 668 902 694 cum
934 655 1021 694 Iove
1054 668 1194 694 nomen
1225 656 1362 694 habet.

292 713 431 752 Sancta
464 719 600 752 vocant
631 719 793 764 augusta
823 719 976 764 patres:
1020 719 1182 764 augusta
1213 719 1400 752 vocantur

205 780 270 811 610
349 771 506 822 Templa
539 771 783 810 sacerdotum
814 772 888 810 rite
921 771 1044 809 dicata
1076 783 1218 809 manu.

291 829 415 868 Huius
447 835 486 868 et
517 831 722 879 augurium
754 828 947 879 dependet
978 830 1125 879 origine
1157 828 1288 880 verbi,

349 886 398 925 Et
429 887 701 937 quodcumque
734 899 803 925 sua
834 886 1008 937 Iuppiter
1039 892 1154 937 auget
1185 899 1280 938 ope.

291 945 438 995 Augeat
468 946 675 996 imperium
707 945 832 983 nostri
862 944 972 983 ducis
991 976 1002 995 ‚
1034 950 1170 995 augeat
1202 956 1345 996 annos,

348 1002 532 1053 Protegat
563 1009 602 1041 et
632 1008 780 1041 vestras
813 1014 961 1052 querna
992 1014 1134 1040 corona
1166 1003 1292 1041 fores:

206 1068 271 1099 615
294 1060 604 1110 Auspicibusque
637 1060 719 1098 deis
751 1061 848 1098 tanti
879 1061 1118 1109 cognominis
1150 1059 1265 1098 heres

349 1117 486 1156 Omine
518 1118 705 1168 suscipiat
737 1129 812 1167 quo
844 1123 984 1168 pater,
1017 1117 1121 1155 orbis
1154 1129 1276 1156 onus.

693 1206 757 1248 15.
790 1205 828 1248 G
859 1205 985 1248 CAR

291 1291 488 1342 Respiciet
519 1290 631 1329 Titan
663 1296 767 1329 actas
798 1289 866 1329 ubi
897 1291 1037 1329 tertius
1068 1289 1181 1341 Idus,

350 1349 463 1387 Fient
492 1348 719 1387 Parrhasiae
751 1360 860 1387 sacra
891 1348 1011 1387 relata
1042 1348 1160 1386 deae.

292 1406 386 1444 Nam
419 1408 528 1457 prius
559 1406 748 1445 Ausonias
781 1411 924 1445 matres
957 1411 1140 1456 carpenta
1170 1403 1382 1443 vehebant:

206 1473 273 1504 620
352 1464 454 1502 Haec
487 1476 642 1515 quoque
674 1464 720 1502 ab
752 1463 921 1502 Evandri
952 1464 1052 1502 dicta
1083 1468 1243 1514 parente
1274 1474 1386 1500 reor.

292 1521 380 1560 Mox
411 1522 536 1560 honor
567 1523 759 1573 eripitur,
792 1527 1042 1571 matronaque
1076 1521 1243 1559 destinat
1274 1521 1398 1558 omnis

350 1579 524 1630 Ingratos
556 1579 660 1618 nulla
691 1579 799 1629 prole
831 1591 972 1617 novare
1002 1580 1131 1617 viros:

294 1637 397 1676 Neve
430 1637 539 1675 daret
569 1643 703 1688 partus
722 1668 732 1688 ‚
763 1638 844 1675 ictu
875 1638 1079 1675 temeraria
1112 1647 1225 1674 caeco

351 1694 574 1733 Visceribus
607 1706 787 1733 crescens
819 1694 1038 1733 excutiebat
1069 1706 1188 1732 onus.

207 1762 272 1792 6⁶25
293 1753 537 1803 Corripuisse
569 1758 699 1803 patres
731 1764 842 1790 ausas
873 1753 1035 1790 immitia
1066 1757 1230 1802 nuptas,

350 1811 414 1849 Ius
446 1816 575 1849 tamen
607 1816 828 1861 exemptum
860 1810 1078 1848 restituisse
1110 1809 1265 1847 ferunt:

291 1868 465 1919 Binaque
498 1880 601 1907 nunc
633 1869 779 1918 pariter
809 1867 1005 1918 Tegeaeae
1037 1878 1145 1905 sacra
1175 1867 1328 1917 parenti

350 1926 426 1965 Pro
458 1928 590 1978 pueris
622 1927 707 1964 fieri
737 1925 1030 1976 virginibusque
1062 1924 1219 1962 iubent.

294 1984 453 2023 Scortea
485 1996 563 2022 non
594 1983 649 2022 illi
681 1984 736 2022 fas
769 1989 828 2022 est
858 1983 1003 2021 inferre
1035 1981 1197 2034 sacello,

207 2050 272 2080 630
351 2042 406 2080 Ne
438 2042 582 2080 violent
611 2053 731 2093 puros
764 2042 976 2080 exanimata
1008 2040 1136 2078 focos.

295 2099 424 2150 Siquis
457 2111 560 2138 amas
592 2105 743 2138 veteres
774 2100 873 2137 ritus
892 2129 902 2149 ,
935 2097 1076 2136 adsiste
1108 2098 1307 2148 precanti:

350 2157 514 2196 Nomina
544 2159 737 2208 percipies
768 2168 846 2194 non
878 2155 948 2194 tibi
979 2160 1068 2194 nota
1099 2157 1231 2206 prius.

293 2215 469 2253 Porrima
500 2215 674 2267 placatur
705 2214 981 2264 Postvertaque
1000 2244 1012 2265 ,
1044 2215 1125 2251 sive
1156 2224 1327 2264 sororeS‚

353 2272 439 2311 Sive
472 2273 583 2324 fugae
616 2274 806 2324 comiteS,
837 2271 999 2310 Maenali
1030 2270 1113 2310 diva
1132 2301 1144 2322 ‚
1174 2276 1261 2309 tuae
1280 2301 1289 2309 .
