1601 2484
534 67 596 99 111.
623 74 717 99 vnn
739 69 858 99 13—x
879 69 933 100 49.
1342 63 1401 105 53

179 177 251 215 Nix
284 178 414 226 iacet,
447 182 486 213 et
517 176 656 212 iactam
688 185 736 212 ne
769 173 826 212 sol
856 173 1088 225 pluviaeque
1120 173 1338 226 resolvant,

180 235 339 273 Indurat
370 233 509 272 boreas
541 238 848 283 perpetuamque
880 233 998 270 facit.

118 302 159 332 15
180 293 282 344 Ergo
316 291 383 330 ubi
414 291 575 330 delicuit
606 290 778 328 nondum
811 292 947 341 prior,
979 290 1098 329 altera
1130 292 1259 342 venit,

179 351 229 389 Et
260 350 359 389 solet
389 351 429 388 in
461 349 594 388 multis
625 349 729 387 bima
761 361 917 387 manere
950 349 1068 387 locis.

179 410 379 459 Tantaque
411 408 595 446 commoti
626 408 684 445 vis
717 414 776 445 est
807 407 1028 459 aquilonis,
1063 412 1107 445 ut
1138 407 1232 445 altas

179 469 330 517 Aequet
360 467 478 504 humo
511 471 642 503 turres
673 471 854 515 tectaque
887 471 995 515 rapta
1028 466 1149 504 ferat.

180 525 350 564 Pellibus
383 530 421 562 et
454 525 553 562 sutis
585 530 720 562 arcent
751 524 847 562 mala
880 523 1024 573 frigora
1056 523 1208 575 bracis,

116 593 160 624 20
181 584 334 634 Oraque
368 583 415 621 de
448 587 529 621 toto
562 594 727 633 corpore
761 582 839 620 sola
872 587 1026 632 patent.

181 642 303 693 Saepe
336 646 475 680 sonant
505 643 599 679 moti
633 640 753 690 glacie
786 639 981 690 pendente
1014 639 1165 693 capilli,

178 701 228 740 Et
258 702 357 738 nitet
387 699 547 738 inducto
581 698 742 738 candida
774 698 892 736 barba
924 698 1036 749 gelu3

180 759 368 809 Nudaque
402 759 650 808 consistunt,
684 758 845 795 sormam
879 757 1072 794 servantia
1104 761 1250 807 testae,

180 818 275 856 Vina
307 829 379 855 nec
410 816 547 854 hausta
578 816 706 865 meri,
738 814 805 852 sed
837 814 923 852 data
956 815 1079 853 frusta
1112 814 1273 852 hibunt.

116 884 159 914 ‘25
182 876 283 921 Quid
315 874 481 925 loquar,
513 878 557 911 ut
588 874 705 911 vincti
739 878 994 911 concrescant
1025 873 1171 923 frigore
1204 874 1300 924 rivi,

179 935 312 984 Deque
343 932 430 970 lacu
462 932 619 982 fragiles
651 931 885 970 effodiantur
917 929 1073 981 aquae?

180 992 266 1043 Ipse
286 1023 296 1043 ‚
327 991 547 1042 papyrifero
575 991 642 1040 qui
675 1002 752 1028 non
784 991 985 1040 angustior
1017 1001 1129 1028 amne

180 1051 366 1089 Miscetur
398 1054 504 1087 vasto
537 1048 658 1087 multa
689 1061 760 1099 per
792 1060 859 1086 ora
892 1048 1015 1099 freto,

181 1107 389 1148 Caeruleos
420 1109 547 1146 ventis
578 1107 712 1145 latices
745 1106 977 1145 durantibus
996 1137 1006 1157 ,
1039 1106 1172 1145 Hister

119 1175 161 1205 30
183 1166 367 1217 Congelat
398 1170 437 1203 et
468 1167 583 1204 tectis
614 1166 654 1204 in
686 1177 792 1203 mare
825 1166 947 1215 serpit
978 1166 1110 1215 aquis.

183 1225 343 1275 Quaque
375 1228 479 1262 rates
511 1225 666 1274 ierant,
698 1223 864 1274 pedibus
896 1235 1001 1261 nunc
1032 1225 1112 1261 itur
1131 1253 1142 1275 7
1174 1228 1213 1261 et
1245 1223 1371 1261 undas

181 1284 344 1333 Frigore
376 1288 579 1321 concretas
611 1282 755 1332 ungula
785 1281 915 1332 pulsat
947 1282 1060 1332 equi3

182 1342 336 1392 Perque
369 1352 489 1379 novos
522 1346 660 1391 pontes
693 1340 829 1378 subter
859 1339 1080 1379 labentibus
1112 1340 1227 1378 undis

182 1400 339 1438 Ducunt
371 1398 574 1437 Sarmatici
606 1397 768 1437 barbara
800 1398 972 1449 plaustra
1005 1397 1144 1437 boves.

118 1465 160 1496 35
181 1457 251 1496 Vix
284 1456 465 1508 equidem
497 1456 663 1507 credar,
696 1457 764 1495 sed
796 1469 885 1494 cum
918 1458 995 1494 sint
1026 1458 1195 1506 praemia
1229 1457 1315 1495 salsi

181 1515 292 1555 Nulla
311 1547 322 1567 ‚
352 1521 475 1554 ratam
506 1514 622 1553 debet
653 1517 764 1553 testis
795 1514 939 1552 habere
972 1514 1110 1553 fidem.

181 1574 355 1613 Vidimus
386 1576 584 1623 ingentem
616 1573 737 1623 glacie
771 1575 985 1612 consistere
1018 1579 1205 1626 pontum,

181 1631 425 1683 Lubricaque
457 1633 623 1670 inmotas
654 1637 755 1671 testa
785 1631 988 1683 premebat
1020 1643 1162 1683 aquas.

181 1691 261 1730 Nec
293 1691 435 1730 vidisse
468 1696 526 1729 sat
557 1695 646 1742 est3
679 1690 822 1729 durum
855 1690 1086 1729 calcavimus
1120 1703 1290 1743 aequor,

116 1757 161 1788 40
182 1749 369 1800 Undaque
401 1761 477 1788 non
510 1749 586 1788 udo
620 1748 692 1787 sub
724 1749 822 1800 pede
856 1761 1006 1788 summa
1039 1750 1133 1788 fuit.

183 1808 224 1847 Si
256 1808 327 1847 tibi
358 1807 432 1847 tale
464 1808 609 1846 fretum
641 1808 835 1858 quondam
854 1840 865 1860 ‚
896 1807 1071 1847 Leandre
1091 1839 1101 1859 ‚
1134 1809 1296 1859 fuisset,

182 1866 266 1905 Non
299 1867 401 1905 foret
432 1872 617 1917 angustae
649 1878 754 1905 mors
786 1873 851 1905 tua
884 1867 1032 1905 crimen
1065 1879 1208 1917 aquae.

181 1925 281 1963 Tum
312 1937 439 1976 neque
473 1937 514 1963 se
545 1925 662 1976 pandi
693 1930 859 1976 possunt
890 1925 1094 1976 delphines
1126 1926 1166 1963 in
1198 1937 1313 1964 auras

181 1983 364 2036 Tollere3
395 1989 581 2022 conantes
612 1983 708 2022 dura
740 1987 897 2022 coercet
927 1984 1075 2023 hiems.

118 2049 161 2080 45
182 2041 232 2080 Et
264 2043 439 2093 quamvis
470 2042 608 2080 boreas
640 2043 791 2081 iactatis
823 2044 977 2081 insonet
1009 2043 1101 2094 aliS,

182 2099 343 2139 Fluctus
374 2102 414 2139 in
447 2100 607 2139 obsesso
639 2102 792 2152 gurgite
824 2101 954 2140 nullus
986 2103 1084 2152 erit3

182 2158 459 2210 Inclusaequae
492 2159 579 2209 gelu
613 2159 771 2198 stabunt
802 2161 841 2198 in
874 2171 1066 2197 marmore
1098 2172 1274 2212 puppes,

182 2216 262 2255 Nec
294 2219 439 2268 poterit
469 2217 612 2268 rigidas
644 2218 791 2257 findere
824 2229 956 2256 remus
988 2230 1130 2269 aquas,

183 2274 356 2314 Vidimus
387 2277 427 2314 in
459 2276 578 2325 glacie
611 2277 738 2316 nisces
770 2276 933 2314 haerere
965 2276 1126 2324 ligatos,
