1601 2484
624 66 651 99 Ι.
677 74 725 98 111
745 68 869 100 5—77.
1385 64 1410 105 9

201 175 380 226 Singultu
412 174 561 213 medios
592 173 828 225 impediente
861 185 999 213 sonos.

199 233 264 272 Illa
296 235 412 271 etiam
444 238 532 271 ante
564 232 664 270 lares
696 234 820 282 passis
853 232 1021 271 adstrata
1047 230 1194 282 capillis

199 292 369 342 Contigit
400 292 591 329 extinctos
623 302 690 329 ore
722 296 915 329 tremente
948 291 1078 341 focos,

134 358 178 389 45
199 350 395 400 Multaque
427 350 468 387 in
500 348 682 387 adversos
715 349 851 387 effudit
882 347 998 386 verba
1029 352 1189 399 penates

198 408 274 446 Pro
307 407 506 458 deplorato
541 418 618 445 non
649 406 812 445 valitura
845 408 948 445 viro.

198 466 355 516 Iamque
387 477 517 503 morae
551 466 718 515 spatium
751 477 826 503 nox
859 466 1110 515 praecipitata
1142 463 1328 514 negabat,

198 522 394 574 Versaque
428 523 474 561 ab
507 535 575 561 axe
609 535 679 561 suo
712 522 913 561 Parrhasis
946 527 1073 560 arctos
1107 527 1211 560 erat.

199 582 300 627 Quid
332 579 541 620 facerem?
585 581 725 619 blando
757 583 903 632 patriae
937 579 1134 618 retinebar
1166 591 1324 618 amore:

137 649 180 679 50
201 640 343 678 Ultima
375 640 442 678 sed
475 641 603 678 iussae
635 651 711 677 nox
744 644 826 677 erat
857 638 919 676 illa
951 638 1087 688 fugae.

200 697 258 736 A!
292 699 472 748 quotiens
504 698 632 748 aliquo
659 697 737 735 dixi
769 701 1003 747 properante
1036 693 1152 741 ‘Quid
1187 693 1366 746 urgues?

199 755 267 795 Vel
300 769 376 807 quo
409 757 570 794 festinas
603 757 689 806 ire,
722 755 781 793 vel
812 754 944 803 unde,
978 750 1102 792 videl'

200 813 259 853 A!
293 816 474 864 quotiens
507 820 653 852 certam
685 825 746 851 me
779 825 864 851 sum
897 814 1083 850 mentitus
1115 811 1259 850 habere

198 872 370 923 Horam,
402 873 623 923 propositae
657 883 754 921 quae
788 871 890 909 foret
921 876 1008 921 apta
1040 872 1144 908 viae.

133 939 176 970 55
198 931 275 969 Ter
307 930 424 968 limen
458 932 594 982 tetigi,
626 935 686 967 ter
719 941 804 967 sum
836 935 1069 979 revocatus,
1103 934 1142 967 et
1172 929 1256 980 ipse

202 989 412 1039 Indulgens
444 990 571 1026 animo
602 1000 672 1038 pes
704 987 798 1025 mihi
830 987 965 1025 tardus
999 993 1091 1025 erat.

200 1047 321 1098 Saepe
355 1046 436 1084 vale
469 1047 572 1084 dicto
604 1058 743 1084 rursus
776 1057 862 1084 sum
895 1045 1014 1084 multa
1046 1045 1225 1097 locutus,

198 1105 246 1144 Et
279 1107 389 1156 quasi
421 1105 625 1143 discedens
658 1104 790 1142 oscula
821 1116 971 1143 summa
1004 1103 1115 1142 dedi.

199 1163 322 1214 Saepe
355 1163 489 1201 eadem
521 1163 700 1201 mandata
732 1162 822 1201 dedi
855 1174 994 1212 meque
1027 1164 1110 1213 ipse
1144 1161 1283 1213 fefelli,

135 1231 178 1261 60
199 1221 426 1272 Respiciens
459 1221 582 1259 oculis
614 1223 775 1271 pignora
808 1233 894 1258 cara
922 1223 1042 1259 meis.

200 1279 374 1330 Denique
404 1277 519 1325 ‘Quid
546 1291 713 1330 propero
734 1277 754 1317 ⁶?
788 1278 943 1329 Scythia
970 1284 1058 1330 est,
1092 1290 1167 1329 quo
1195 1275 1414 1330 mittimur-²,

916 1338 1075 1387 inquam

200 1394 335 1435 ‘Roma
369 1396 624 1447 relinquenda
657 1400 716 1434 est
736 1426 744 1435 .
789 1400 954 1446 utraque
987 1397 1089 1433 iusta
1121 1407 1228 1434 mora
1261 1401 1343 1434 est.

198 1455 303 1494 Uxor
334 1456 374 1493 in
406 1460 608 1492 aeternum
641 1455 724 1491 vivo
758 1454 850 1491 mihi
884 1455 965 1491 viva
998 1459 1192 1504 negatur,

198 1513 247 1552 Et
279 1513 416 1551 domus
450 1518 488 1551 et
519 1512 616 1550 fidae
649 1511 774 1550 dulcia
809 1511 982 1549 membra
1014 1512 1174 1562 domus,

135 1580 177 1611 65
200 1572 384 1622 Quosque
417 1583 487 1621 ego
520 1570 637 1608 dilexi
669 1570 842 1608 fraterno
874 1582 984 1608 more
1016 1569 1191 1620 sodales,

200 1630 230 1668 O
264 1630 356 1668 mihi
389 1629 537 1667 Thesea
569 1634 727 1679 pectora
760 1630 890 1666 iuncta
924 1627 1021 1667 fide!

200 1688 298 1726 Dum
330 1687 450 1739 licet,
481 1687 718 1738 amplectar.
768 1698 980 1737 numquam
1014 1687 1178 1725 fortasse
1212 1686 1344 1725 licebit

199 1746 373 1797 Amplius
446 1747 485 1784 in
518 1745 628 1783 lucro
661 1751 721 1783 est
753 1757 851 1796 quae
885 1745 998 1783 datur
1031 1745 1125 1783 hora
1159 1745 1252 1783 mihi
1268 1743 1290 1783 .'

198 1804 278 1842 Nec
311 1816 416 1842 mora
436 1835 446 1855 ‚
479 1805 671 1842 sermonis
705 1803 821 1841 verba
852 1804 1070 1854 inperfecta
1101 1803 1279 1854 relinquo
1299 1835 1310 1855 ,

135 1872 177 1903 70
199 1863 472 1913 Complectens
505 1864 631 1900 animo
664 1863 839 1912 proxima
871 1874 1050 1912 quaeque
1082 1873 1180 1900 meo,

198 1921 298 1960 Dum
330 1921 468 1971 loquor
501 1927 539 1959 et
570 1921 707 1959 ssemus
730 1952 741 1972 ,
774 1920 879 1958 caelo
913 1920 1171 1958 nitidissimus
1204 1919 1304 1972 alto,

200 1979 319 2018 Stella
350 1981 477 2030 gravis
510 1978 654 2030 nobis,
685 1978 843 2017 Lucifer
876 1985 986 2017 ortus
1020 1984 1125 2017 erat.

199 2038 357 2076 Dividor
376 2037 478 2076 haud
506 2037 640 2088 aliter,
673 2049 788 2088 quam
814 2039 847 2075 si
874 2049 958 2075 mea
978 2037 1151 2075 membra
1177 2036 1416 2088 relinquam,

198 2095 248 2134 Et
278 2108 368 2147 pars
402 2096 582 2146 abrumpi
614 2108 778 2147 corpore
810 2097 891 2134 visa
924 2108 993 2134 suo
1026 2102 1108 2134 est.

137 2163 179 2194 75
202 2154 265 2193 Sic
298 2154 421 2193 doluit
451 2154 596 2193 Mettus
631 2160 752 2205 tunc,
786 2166 875 2193 cum
906 2156 946 2192 in
980 2155 1174 2192 contraria
1208 2166 1340 2192 versos

201 2213 356 2251 Ultores
389 2212 522 2251 habuit
553 2213 787 2263 proditionis
821 2224 965 2262 equos.

199 2271 299 2310 Tum
331 2283 422 2310 vero
455 2273 630 2310 exoritur
662 2271 807 2309 clamor
839 2272 1085 2322 gemitusque
1118 2282 1316 2322 meorum,
