1575 2489
569 83 614 115 11.
643 84 836 116 139—205.
1288 79 1370 120 239

219 189 404 228 Proditur
435 188 578 227 indicio
610 188 795 240 ponderis
826 190 909 239 ipsa
941 190 1023 227 sui.

162 247 233 286 Cui
265 247 336 285 dea
369 243 613 298 evirgineos,
645 248 802 298 periura
834 246 1030 296 Lycaoni,
1062 252 1196 284 coetus

218 305 362 343 Desere
381 335 392 356 ,
424 316 496 342 nec
528 310 652 343 castas
683 301 832 355 pollue'
866 304 962 342 dixit
993 301 1177 354 ‘aquas'

78 371 142 403 175
163 362 272 402 Luna
304 374 445 400 novum
478 361 608 400 decies
640 362 820 413 implerat
851 361 1036 401 cornibus
1067 361 1226 400 orbem:

220 420 326 466 Quae
359 421 486 458 fuerat
518 421 624 470 virgo
658 421 833 471 credita,
866 425 988 459 mater
1020 424 1126 459 erat.

161 478 282 517 Laesa
314 478 408 516 furit
438 477 564 530 Iuno,
596 478 759 516 formam
791 484 991 528 mutatque
1023 477 1196 528 puellae.

220 535 320 581 Quid
353 536 447 574 facis
467 533 488 574 P
531 537 651 574 invito
684 541 743 575 est
772 541 931 587 pectore
963 548 1074 587 passa
1106 535 1256 574 Iovem.

161 593 288 644 thue
320 594 424 632 serae
456 593 551 632 vidit
582 599 717 645 turpes
748 595 788 632 in
819 594 965 644 paelice
997 593 1147 645 voltus,
1315 600 1371 631 (42)

77 660 141 691 180
221 649 368 690 ‘Huius
399 653 440 690 in
466 651 665 702 amplexus
696 649 891 703 Iuppiter'
923 653 1050 702 inquit
1083 648 1207 690 ‘ear’

163 709 258 749 Ursa
288 722 359 760 per
390 709 559 748 incultos
590 709 745 748 errabat
776 709 950 760 squalida
981 714 1157 761 montes,

221 767 326 812 Quae
359 767 486 806 fuerat
517 779 667 806 summo
700 779 825 818 nuper
857 772 980 806 amata
1010 767 1110 805 Iovi.

162 825 239 864 Iam
270 827 344 864 tria
374 825 496 864 lustra
527 837 626 876 puer
658 825 761 864 furto
795 830 1007 875 conceptus
1039 824 1196 875 agebat,

219 883 316 922 Cum
348 888 471 922 mater
501 889 591 921 nato
624 889 683 921 est
714 882 824 921 obvia
856 883 954 921 facta
987 895 1081 921 suo.

75 949 139 980 185
160 941 226 979 llla
260 941 445 992 quidem,
476 945 672 990 tamquam
705 947 989 992 cognosceret,
1020 940 1168 979 adstitit
1199 951 1353 990 amens,

217 998 268 1037 Et
299 1000 475 1049 gemuit:
507 999 674 1048 gemitus
706 998 823 1037 verba
854 1000 1027 1050 parentis
1059 1004 1191 1037 erant.

160 1056 267 1095 Hanc
299 1069 398 1108 puer
428 1058 587 1107 ignarus
618 1056 743 1095 iaculo
774 1057 923 1095 fixisset
954 1061 1091 1108 acum,

218 1114 266 1152 Ni
298 1115 399 1153 foret
429 1116 469 1153 in
501 1126 663 1165 superas
694 1120 828 1165 raptus
862 1120 1027 1165 uterque
1060 1115 1216 1153 domos.

164 1172 280 1224 Signa
310 1174 529 1224 propinqua
562 1173 733 1211 micant:
776 1173 884 1223 prior
916 1178 1004 1224 est,
1037 1184 1150 1223 quam
1184 1172 1347 1210 dicimus

883 1230 1051 1282 Arcton,

77 1297 141 1328 190
220 1288 479 1339 Arctophylax
510 1288 674 1327 sormam
706 1293 813 1338 terga
845 1290 1046 1338 sequentis
1077 1287 1214 1326 habet.

162 1346 289 1385 Saevit
321 1346 476 1398 adhuc,
510 1357 722 1396 canamque
755 1351 866 1397 rogat
898 1346 1078 1385 Saturnia
1110 1346 1285 1398 Tethyn,

218 1404 444 1443 Maenaliam
475 1405 588 1442 tactis
620 1416 668 1442 ne
701 1403 801 1442 lavet
831 1405 974 1443 Arcton
1009 1406 1142 1456 aquis.

508 1494 572 1535 13.
610 1493 648 1534 D
680 1492 889 1535 EID-N2

159 1577 291 1616 Idibus
323 1578 487 1628 agrestis
520 1577 670 1616 fumant
701 1577 834 1616 altaria
865 1577 987 1616 Fauni

217 1635 288 1674 Hic
307 1667 317 1687 ‚
350 1635 417 1674 ubi
448 1635 636 1674 discretas
667 1635 792 1674 insula
824 1637 972 1686 rumpit
1004 1647 1145 1686 aquas.

76 1702 140 1733 195
162 1693 264 1732 Haec
298 1694 370 1732 fuit
400 1693 465 1732 illa
497 1693 579 1732 dies
603 1725 611 1741 ,
642 1695 682 1732 in
716 1706 790 1744 qua
822 1693 1048 1732 Veientibus
1081 1694 1198 1732 armis

221 1751 314 1801 [Ter
346 1757 503 1790 centum
535 1751 643 1790 Fabii
674 1757 734 1790 ter
767 1751 944 1790 cecidere
977 1751 1096 1801 duo.]

75 1818 139 1848 198
220 1809 388 1847 Sumunt
418 1809 582 1860 gentiles
615 1821 720 1847 arma
750 1810 926 1860 professa
957 1821 1117 1847 manus.

76 1877 138 1907 197
166 1867 248 1906 Una
280 1867 417 1906 domus
449 1868 550 1906 vires
583 1872 622 1906 et
653 1879 751 1906 onus
784 1873 1010 1918 susceperat
1041 1867 1179 1918 Urbis,

163 1924 388 1975 [Egreditur
419 1927 556 1964 castris
589 1925 698 1963 miles
731 1937 943 1975 generosus
976 1924 1022 1963 ab
1054 1925 1177 1963 isdem
1190 1924 1217 1976 ‚]

73 1992 140 2023 200
218 1983 249 2021 Ε
282 1985 369 2034 quis
401 1983 478 2022 dux
510 1984 594 2021 fieri
627 1982 789 2033 quilibet
820 1989 933 2033 aptus
965 1988 1068 2021 erat.

161 2041 377 2080 Carmentis
408 2047 542 2092 portae
576 2041 710 2079 dextra
743 2046 801 2079 est
832 2043 890 2079 via
921 2042 1095 2092 proxima
1127 2040 1241 2079 Iano:

221 2099 297 2149 [Ire
329 2112 399 2150 per
430 2099 529 2138 hanc
562 2099 640 2137 noli
658 2130 669 2151 ,
702 2100 878 2150 quisquis
910 2111 980 2151 es,
1013 2110 1127 2137 omen
1158 2097 1295 2137 habet.

160 2158 226 2196 Illa
258 2158 356 2196 fama
387 2158 510 2196 refert
540 2157 679 2196 Fabios
713 2159 838 2196 exisse
871 2162 1093 2196 trecentos:

218 2216 335 2254 Porta
366 2221 474 2254 vacat
506 2215 648 2268 culpa,
681 2216 749 2254 sed
782 2222 910 2254 tamen
942 2227 1054 2253 omen
1087 2213 1244 2264 habet]

76 2281 140 2312 ‘205
161 2273 210 2312 Ut
241 2273 360 2313 celeri
390 2285 507 2325 passu
540 2273 762 2313 Cremeram
794 2275 957 2324 tetigere
990 2285 1191 2326 rapacem,
1224 2294 1268 2299 -
1318 2280 1374 2313 (43)
