1575 2489
195 67 276 108 154
730 67 794 98 EX
818 66 974 99 PONTo

368 175 520 225 Scripta
551 179 680 212 tamen
711 173 867 222 profugi
899 174 995 211 vatis
1026 172 1202 211 habenda
1232 178 1371 224 putas.

310 232 466 271 Scilicet
496 232 662 281 ingeniis
694 231 820 280 aliqua
854 236 912 270 est
944 231 1150 270 concordia
1181 233 1348 283 iunctis,
1461 240 1517 272 (55)

246 299 288 329 60
368 290 416 328 Et
448 294 576 328 servat
607 288 725 327 studii
757 288 914 326 foedera
946 291 1110 339 quisque
1143 290 1227 328 sui:

308 349 493 386 Rusticus
526 346 761 398 agricolam,
794 346 903 385 miles
935 348 1017 385 fera
1047 347 1145 385 bella
1177 353 1401 399 gerentem,

368 406 576 444 Rectorem
609 404 747 443 dubiae
780 406 905 443 navita
937 407 1077 456 puppis
1111 411 1233 444 amat.

309 464 367 502 Tu
401 475 555 514 quoque
588 462 787 501 Pieridum
820 463 947 501 studio
967 494 978 514 ,
1011 464 1212 514 studiose,
1243 464 1413 515 teneris,

367 521 605 572 Ingenioque
638 521 770 571 faves,
801 522 1001 570 ingeniose
1021 553 1032 572 ,
1063 533 1171 559 me0.

246 587 288 617 65
310 578 432 618 Distat
464 591 562 629 opus
595 584 773 617 nostrum
792 609 802 629 ,
835 579 902 617 sed
935 578 1107 617 sontibus
1140 580 1218 617 exit
1249 579 1295 617 ab
1326 578 1471 619 isdem:

368 638 471 676 Artis
504 643 543 675 et
573 639 764 687 ingenuae
796 636 923 675 cultor
955 643 1120 688 uterque
1153 649 1310 675 sumus.

312 695 504 746 [Thyrsus
536 696 639 733 enim
671 694 779 732 vobis
798 726 809 745 ,
840 700 989 744 gestata
1021 701 1080 733 est
1112 695 1242 733 laurea
1274 695 1408 735 nobis:

369 753 444 792 Sed
477 759 605 792 tamen
638 752 825 791 ainbobus
858 752 974 791 debet
1005 754 1132 791 inesse
1165 753 1269 791 calor
1284 752 1309 802 .]

310 811 436 862 thue
469 813 566 849 meis
598 812 771 849 numeris
803 816 868 849 tua
901 811 964 849 dat
996 811 1174 849 facundia
1206 823 1370 863 nervos,

248 878 290 908 70
371 870 433 908 Sic
466 871 571 907 venit
603 881 623 907 a
655 868 766 907 nobis
798 871 837 906 in
870 875 935 907 tua
967 869 1083 907 verba
1116 871 1240 907 nitor.

311 927 398 966 Iure
431 929 550 978 igitur
582 927 709 965 studio
743 928 908 965 confinia
942 929 1111 965 carmina
1142 932 1270 965 vestro

368 985 416 1024 Et
448 985 663 1024 commilitii
695 996 804 1023 sacra
836 984 979 1023 tuenda
1010 992 1146 1035 putas.

311 1043 385 1081 Pro
419 1043 561 1093 quibus
594 1049 636 1082 ut
668 1048 848 1094 maneat,
881 1042 927 1081 de
961 1055 1037 1093 quo
1070 1044 1272 1093 censeris,
1304 1043 1475 1093 amicus,

369 1101 605 1151 Comprecor
637 1101 682 1139 ad
714 1102 812 1139 vitae
846 1106 1021 1150 tempora
1054 1113 1202 1139 summa
1234 1107 1346 1152 tuae,

248 1167 289 1198 75
312 1159 580 1209 Succedatque
614 1160 691 1197 tuis
723 1158 828 1196 orbis
861 1159 1081 1197 moderator
1113 1159 1297 1197 habenis:

371 1217 482 1263 Quod
515 1229 666 1256 mecum
699 1216 833 1268 populi
864 1222 951 1254 vota
982 1223 1192 1267 precantur
1224 1216 1347 1255 idem.

825 1343 901 1392 VI.

312 1449 488 1488 Carmine
522 1449 754 1487 Graecinum
773 1480 783 1500 ,
817 1450 884 1498 qui
914 1461 1100 1498 praesens
1132 1461 1224 1487 voce
1258 1447 1427 1499 solebat,

371 1507 509 1545 Tristis
543 1507 588 1545 ab
620 1507 782 1545 Euxinis
814 1506 915 1544 Naso
949 1507 1089 1545 salutat
1120 1509 1252 1557 aquis.

313 1565 444 1603 Exulis
478 1565 571 1603 haec
603 1577 675 1603 vox
708 1570 794 1603 est.
852 1564 1012 1614 praebet
1044 1564 1138 1603 mihi
1169 1564 1297 1603 littera
1330 1563 1519 1615 linguam,

371 1623 420 1661 Et
452 1625 484 1661 si
516 1635 591 1661 non
624 1623 738 1661 liceat
770 1622 971 1673 scribere,
1005 1629 1136 1661 mutus
1168 1635 1259 1661 er0.

273 1690 291 1720 5
313 1681 484 1732 Corripis
504 1713 514 1733 ,
546 1686 589 1719 ut
620 1680 738 1719 debes
757 1711 768 1732 ,
801 1680 909 1719 stulti
940 1686 1098 1731 peccata
1130 1681 1296 1732 sodalis,

371 1739 420 1778 Et
453 1739 548 1777 mala
582 1752 640 1777 me
674 1740 822 1777 meritis
856 1739 958 1777 ferre
990 1740 1139 1777 minora
1171 1739 1313 1777 doces.

314 1797 410 1836 Vera
442 1799 535 1836 facis
554 1829 564 1849 ,
596 1797 663 1835 sed
696 1809 811 1849 sera,
843 1809 949 1835 meae
983 1799 1154 1835 convicia
1186 1797 1345 1847 culpae.
1464 1804 1519 1836 (56)

372 1857 517 1907 Aspera
550 1856 727 1894 confesso
759 1854 876 1893 verba
909 1857 1062 1894 remitte
1095 1868 1185 1894 reo.

315 1914 410 1953 Cum
441 1919 616 1965 poteram
648 1919 756 1952 recto
789 1915 954 1952 transire
988 1913 1175 1952 Ceraunia
1208 1913 1315 1964 velo,

254 1981 295 2011 10
374 1972 424 2011 Ut
455 1973 537 2011 fera
568 1974 729 2010 vitarem
763 1984 850 2010 saxa
870 2003 880 2023 ,
914 1971 1130 2010 monendus
1163 1983 1290 2010 eram.

315 2031 425 2070 Nunc
457 2031 551 2069 mihi
584 2031 781 2080 naufragio
815 2030 907 2080 quid
939 2030 1099 2080 prodest
1131 2029 1281 2068 discere
1314 2029 1437 2079 facto,

373 2088 456 2134 Qua
490 2101 573 2127 mea
605 2088 784 2127 debuerit
815 2100 974 2126 currere
1009 2087 1147 2126 cumba
1179 2085 1271 2126 via?

317 2147 479 2185 Brachia
510 2147 556 2185 da
589 2147 689 2185 lasso
720 2147 851 2197 potius
882 2146 1107 2197 prendenda
1140 2146 1309 2184 natanti:

374 2206 452 2244 Nec
485 2207 613 2256 pigeat
644 2210 774 2243 mento
807 2206 1058 2255 supposuisse
1092 2216 1269 2242 manum.

255 2272 294 2302 15
316 2263 436 2315 quue
474 2264 598 2315 facis,
630 2264 825 2313 faciasque
860 2274 1027 2313 precor.
1084 2264 1138 2300 sic
1176 2267 1300 2300 mater
1333 2266 1370 2299 et
1405 2270 1519 2308 uxor,
