1575 2489
569 76 598 109 1.
626 77 819 110 105—176.
1268 73 1350 115 217

56 193 120 224 140
199 184 298 223 ans
329 189 461 235 partes
492 183 771 235 hesperiasque
803 182 941 222 simul.

140 242 216 282 Ora
247 242 354 281 vides
386 241 551 281 Hecates
583 243 624 280 in
655 248 736 281 tres
767 242 958 280 vertentia
988 247 1143 293 partes,

199 300 335 339 Servet
366 305 410 338 ut
440 301 482 338 in
513 306 646 338 ternas
678 301 846 350 compita
878 304 984 338 secta
1015 301 1119 338 viaS.

138 358 188 397 Et
218 358 340 409 mihi,
373 370 421 396 ne
452 357 556 396 flexu
588 359 752 397 cervicis
784 363 960 408 tempora
990 357 1177 410 perdam,

198 415 366 455 Cernere
398 428 477 454 non
508 421 612 454 moto
645 428 809 466 corpore
840 415 931 454 hina
962 412 1096 454 licet.'

56 483 119 514 145
140 474 321 513 Dixerat:
365 479 404 513 et
434 473 570 526 voltu,
602 475 635 512 si
665 474 778 525 plura
809 475 1014 525 requirere
1045 473 1206 524 vellem,

198 531 401 571 Difficilem
433 532 529 570 mihi
561 543 601 571 se
633 544 711 570 non
744 532 826 571 fore
859 533 986 570 fassus
1017 537 1122 570 erat.

140 590 297 641 Sumpsi
328 591 497 629 animum
516 621 528 642 ,
560 596 768 641 gratesque
801 590 872 629 deo
904 602 983 628 non
1015 591 1177 628 territus
1210 589 1294 638 egi,

197 647 399 699 Verbaque
432 660 519 687 sum
551 654 732 698 spectans
763 654 876 699 pacta
907 648 1061 687 locutus
1092 647 1277 686 humum:

141 703 230 745 ‘Dic
249 737 260 758 ‚
292 719 361 757 age
380 737 391 758 ,
423 706 634 757 frigoribus
667 718 786 757 quare
819 718 942 745 novus
973 706 1111 756 incipit
1142 715 1288 755 annuS,

53 773 118 804 150
199 764 275 810 Qui
306 764 444 803 melius
476 776 546 816 per
577 776 645 803 ver
676 764 922 815 incipiendus
956 761 1079 802 erat‘?

139 821 276 861 Omnia
307 829 401 861 tunc
433 823 602 874 florent,
634 829 730 861 tunc
761 827 821 860 est
851 833 950 861 nova
981 821 1170 872 temporis
1203 825 1330 859 aetas:

195 880 245 919 Et
276 893 372 919 nova
405 881 452 919 de
484 881 642 930 gravido
674 880 831 930 palmite
863 891 1016 931 gemma
1047 884 1196 930 tumet,

137 938 187 977 Et
217 939 330 976 modo
362 939 537 977 formatis
570 939 747 989 operitur
779 937 984 976 frondibus
1016 937 1156 987 arbor,

196 996 333 1035 Prodit
365 1002 404 1035 et
434 999 474 1035 in
505 1008 700 1035 summum
733 997 893 1035 seminis
924 995 1046 1034 herba
1078 995 1226 1034 solum:

55 1064 119 1094 155
140 1054 189 1094 Et
221 1054 395 1105 tepidum
426 1054 606 1094 volucres
639 1054 895 1094 concentibus
927 1058 1018 1093 aera
1048 1053 1243 1104 mulcent,

197 1112 316 1151 Ludit
347 1119 386 1151 et
416 1114 456 1151 in
488 1115 610 1164 pratis
641 1113 891 1164 luxuriatque
923 1124 1067 1163 pecus.

139 1171 239 1209 Tum
270 1170 402 1209 blandi
434 1171 534 1210 soles
554 1202 564 1222 ,
595 1173 805 1222 ignotaque
836 1171 967 1221 prodit
998 1169 1166 1209 hirundo

196 1229 246 1267 Et
276 1228 426 1268 luteum
458 1229 561 1267 celsa
593 1229 665 1268 sub
697 1229 806 1267 trabe
839 1230 922 1279 figit
954 1241 1074 1279 opus:

138 1287 238 1326 Tum
269 1289 416 1338 patitur
448 1287 576 1326 cultus
609 1299 700 1338 ager
732 1293 771 1326 et
801 1292 1013 1326 renovatur
1044 1291 1193 1325 aratro.

53 1354 118 1385 160
197 1345 302 1384 Haec
334 1347 424 1384 anni
455 1347 604 1384 novitas
635 1347 722 1384 iure
754 1345 924 1384 vocanda
957 1341 1074 1383 suit.'

141 1403 394 1449 Quaesieram
424 1403 586 1442 multis:
630 1415 708 1441 non
740 1403 874 1442 multis
904 1403 968 1442 ille
1000 1408 1173 1441 moratus

200 1461 372 1500 Contulit
403 1463 443 1500 in
477 1473 612 1500 versus
644 1463 699 1500 sic
731 1473 801 1499 sua
833 1461 950 1499 verba
982 1461 1103 1499 duos:

140 1517 304 1558 ‘Bruma
334 1521 425 1558 novi
455 1521 580 1570 prima
612 1525 701 1571 est,
739 1521 961 1570 veterisque
999 1519 1209 1557 novissima
1241 1517 1355 1559 solis?

198 1577 439 1629 Principium
471 1579 630 1629 capiunt
660 1577 842 1616 Phoebus
876 1583 914 1616 et
946 1589 1069 1616 annus
1100 1573 1250 1615 idem.'

55 1644 119 1676 165
140 1636 235 1675 Post
265 1648 310 1674 ea
341 1635 510 1675 mirabar
529 1668 539 1687 ,
572 1648 642 1674 cur
674 1648 752 1674 non
785 1637 868 1674 sine
901 1635 1035 1674 litibus
1069 1641 1173 1674 esset

198 1694 328 1733 Prima
359 1694 473 1733 dies.
524 1691 702 1734 ‘causam
732 1691 936 1745 percipel'
986 1693 1102 1732 Ianus
1134 1694 1208 1732 ait.

140 1750 355 1803 ‘Tempora
386 1754 562 1791 commisi
593 1754 793 1792 nascentia
824 1751 943 1791 rebus
976 1752 1159 1803 agendIS,

200 1810 323 1849 Totus
355 1810 401 1849 ab
434 1812 607 1861 auspicio
638 1823 687 1849 ne
720 1811 822 1849 foret
853 1822 978 1849 annus
1009 1812 1138 1849 iners.

140 1868 314 1920 Quisque
346 1881 436 1908 suas
468 1875 571 1907 artes
604 1868 653 1907 ob
685 1868 788 1907 idem
821 1868 964 1907 delibat
995 1868 1168 1919 agendo,

55 1935 120 1966 170
198 1926 277 1966 Nec
309 1927 397 1978 plus
430 1939 546 1978 quam
577 1926 735 1965 solitum
765 1927 999 1965 testificatur
1031 1922 1173 1977 opuS.'

139 1984 226 2024 Mox
258 1997 358 2037 ego,
391 1982 483 2024 ‘cur
501 2016 512 2037 ,
545 1987 719 2036 quamvis
752 1984 917 2023 aliorum
948 1986 1108 2024 numina
1139 1983 1311 2034 placem,

196 2042 286 2082 Iane
305 2075 316 2095 ,
347 2043 419 2082 tibi
449 2045 620 2095 primum
651 2049 739 2082 tura
771 2054 1003 2093 merumque
1034 2039 1174 2080 fero‘?⁷

141 2097 212 2140 ‘Ut
242 2103 369 2152 possis
401 2101 548 2141 aditum
580 2114 651 2153 per
682 2113 774 2153 me,
807 2103 874 2152 qui
905 2101 1036 2139 limina
1068 2112 1204 2151 servo,

197 2160 254 2197 Ad
287 2171 555 2210 quoscumque
588 2156 714 2198 voles'
746 2161 875 2210 inquit
907 2155 1072 2197 ‘habere
1106 2155 1243 2196 deos.'

57 2225 120 2255 175
142 2213 211 2255 ‘At
243 2229 313 2256 cur
344 2217 442 2256 laeta
473 2220 552 2255 tuis
585 2217 771 2256 dicuntur
803 2216 920 2255 verba
951 2216 1156 2266 Kalendis,

197 2274 248 2312 Et
280 2275 416 2313 damus
448 2274 616 2313 alternas
649 2275 941 2326 accipimusque
973 2285 1112 2325 preces
1125 2270 1167 2312 ‘2’
