1575 2489
203 114 287 156 134
740 118 804 149 Ex
827 118 983 150 PONTo

253 231 294 263 75
317 223 391 262 Per
423 230 575 262 tantum
606 230 733 262 terrae
753 255 763 275 ,
794 229 853 262 tot
884 236 1002 275 aquas
1034 227 1095 263 vix
1129 225 1290 264 credere
1321 237 1480 276 possum

374 281 564 319 Indicium
597 281 716 319 studii
747 281 990 321 transiluisse
1021 284 1120 322 mei.

315 339 435 389 Finge
467 339 571 390 legi,
604 339 784 389 quodq-ue
817 345 876 378 est
907 339 1080 379 mirabile
1099 371 1110 392 ,
1142 341 1242 391 finge
1275 340 1452 391 placere:

374 398 582 435 Auctorem
615 403 721 435 certe
753 408 816 435 res
848 399 953 436 iuvat
983 400 1056 437 ista
1088 398 1206 436 nihil.

317 454 417 500 Quid
450 454 550 506 tibi,
583 456 615 493 si
647 454 797 506 calida,
828 457 981 507 prosit,
1012 456 1169 494 laudere
1203 455 1352 507 Syene,

252 521 295 551 80
373 513 450 551 Aut
480 512 547 551 ubi
579 512 835 563 Taprobanen
867 513 998 552 Indica
1030 515 1150 565 cingit
1182 512 1313 564 aqua?

319 569 460 619 [Altius
492 572 549 609 ire
582 569 716 609 libet?
761 572 793 609 si
824 576 861 609 te
894 571 1075 610 distantia
1107 572 1219 623 longe

375 628 573 667 Pleiadum
605 629 763 667 laudent
795 630 900 680 signa
920 661 930 680 ,
963 630 1055 680 quid
1087 629 1177 668 inde
1210 630 1312 668 feras
1325 627 1364 679 ‘?]

317 685 392 725 Sed
425 698 551 737 neque
583 689 767 737 pervenio
801 688 957 737 scriptis
988 687 1249 726 mediocribus
1281 690 1405 738 istuc,

375 744 566 795 Famaque
601 757 689 783 cum
722 745 876 783 domino
909 745 1009 795 fugit
1040 745 1085 783 ab
1118 745 1221 783 Urbe
1254 758 1347 784 suo.

251 810 295 842 85
315 801 468 853 Vosque
482 835 492 854 ,
514 802 655 853 quibus
674 804 797 854 perii,
818 809 911 841 tunc
938 815 1026 841 cum
1047 815 1131 841 mea
1158 803 1255 842 sama
1283 803 1432 854 sepulta
1453 809 1529 855 est,

373 860 484 900 Nunc
517 873 672 912 quoque
705 861 751 899 de
784 867 916 900 nostra
947 867 1071 900 morte
1104 867 1233 900 tacere
1265 873 1377 900 reor.

823 988 902 1034 VI.

316 1091 467 1142 Ecquid
486 1124 496 1144 ‚
528 1099 572 1132 ut
604 1093 746 1132 audisti
776 1114 822 1119 —
853 1105 940 1131 nam
973 1099 1010 1131 te
1044 1092 1195 1131 diversa
1226 1092 1385 1132 tenebat

375 1151 495 1189 Terra
527 1173 574 1178 —
605 1163 712 1190 meos
745 1162 886 1202 casus,
919 1162 986 1188 cor
1018 1150 1090 1188 tibi
1120 1152 1232 1189 triste
1264 1149 1372 1189 fuit?

316 1208 545 1248 Dissimules
576 1215 803 1259 metuasque
837 1208 955 1260 licet,
989 1207 1175 1247 Graecine
1194 1239 1204 1259 ,
1237 1209 1371 1260 sateri3

377 1266 417 1305 Si
448 1267 546 1306 bene
578 1273 617 1306 te
650 1268 766 1318 novi,
798 1268 909 1305 triste
943 1267 1064 1304 fuisse
1096 1266 1237 1317 liquet.

276 1332 295 1362 5
316 1324 401 1363 Non
434 1325 536 1364 cadit
567 1327 606 1363 in
639 1337 767 1363 mores
800 1325 932 1362 feritas
963 1324 1179 1363 inamabilis
1211 1327 1330 1375 istos,

375 1383 454 1421 Nec
486 1385 615 1422 minus
648 1395 668 1421 a
700 1383 840 1422 studiis
872 1382 1034 1421 dissidet
1064 1382 1125 1421 illa
1160 1384 1260 1421 tuis.
1487 1391 1530 1422 225

317 1441 476 1480 Artibus
508 1443 717 1493 ingenuis,
750 1453 914 1491 quarum
946 1441 1017 1479 tibi
1049 1442 1211 1479 maxima
1245 1452 1336 1479 cura
1369 1445 1450 1491 est,

374 1499 538 1538 Pectora
570 1499 803 1537 mollescunt
834 1500 1099 1549 asperitasque
1132 1499 1253 1548 fugit.

316 1557 396 1596 Nec
428 1559 633 1608 quisquam
665 1557 824 1595 meliore
857 1557 931 1594 fide
965 1556 1237 1607 complectitur
1268 1556 1375 1607 illas,

256 1624 297 1654 10
376 1614 458 1659 Qua
491 1617 582 1654 sinit
614 1616 782 1653 officium
815 1614 1052 1665 militiaeque
1084 1614 1216 1654 labor.

317 1673 431 1712 Certe
463 1685 533 1724 ego
567 1685 655 1711 cum
680 1675 850 1723 primum
876 1674 986 1723 potui
1019 1675 1164 1711 sentire
1192 1673 1283 1724 quid
1317 1685 1465 1723 essem,
1485 1695 1530 1700 —

377 1731 472 1769 Nam
505 1732 578 1770 fuit
609 1732 772 1769 attonito
805 1743 914 1769 mens
947 1730 1042 1769 mihi
1074 1731 1178 1770 nulla
1210 1731 1275 1770 diu
1300 1753 1346 1759 —

316 1789 398 1828 Hoc
431 1801 586 1840 quoque
619 1790 798 1827 fortunae
831 1790 963 1840 sensi,
997 1789 1099 1839 quod
1132 1790 1278 1828 amicus
1311 1789 1492 1841 abesses,

376 1847 451 1893 Qui
483 1847 576 1886 mihi
607 1847 845 1898 praesidium
877 1847 1021 1897 grande
1055 1847 1211 1886 futurus
1244 1859 1355 1886 eras.

256 1914 297 1944 15
319 1906 464 1944 Tecum
496 1911 590 1944 tunc
623 1905 784 1943 aberant
815 1917 951 1955 aegrae
984 1905 1123 1943 solacia
1154 1907 1320 1956 mentis,

375 1964 588 2014 Magnaque
620 1975 710 2013 pars
743 1964 860 2001 animi
892 1963 1121 2013 consiliique
1153 1965 1252 2002 mei.

317 2022 365 2060 At
396 2034 523 2072 nunc,
557 2021 660 2072 quod
686 2027 888 2071 superest,
921 2021 980 2059 fer
1007 2033 1145 2071 opem,
1178 2033 1347 2072 precor,
1380 2023 1529 2060 eminus

1040 2091 1180 2129 unam,
1565 2079 1568 2087 ⁴

375 2137 631 2189 Alloquioque
663 2139 750 2176 iuva
782 2143 941 2188 pectora
972 2142 1104 2175 nostra
1136 2143 1227 2189 tuo,

318 2196 453 2248 Quae,
485 2208 563 2234 non
594 2195 771 2234 mendaci
804 2197 836 2233 si
869 2197 1077 2246 quicquam
1110 2195 1237 2234 credis
1269 2197 1416 2247 amico,

253 2262 296 2292 ΞΟ
378 2254 502 2292 Stulta
535 2256 656 2304 magis
689 2254 766 2292 dici
786 2285 797 2305 ,
829 2265 943 2304 quam
977 2253 1194 2304 scelerata,
1226 2254 1361 2292 decet.

316 2312 396 2351 Nec
428 2312 680 2364 1J1exe,nec
713 2317 870 2364 tutum,
903 2313 1054 2363 peccati
1087 2323 1185 2362 quae
1217 2313 1268 2351 sit
1298 2313 1431 2364 origo,
1558 2281 1575 2399 ‘—

1558 2417 1575 2448 Ι

1557 2450 1575 2489 Ῑ
