<?xml version="1.0" encoding="UTF-8"?>
<!DOCTYPE html PUBLIC "-//W3C//DTD XHTML 1.0 Transitional//EN"
    "http://www.w3.org/TR/xhtml1/DTD/xhtml1-transitional.dtd">
<html xmlns="http://www.w3.org/1999/xhtml" xml:lang="en" lang="en">
 <head>
  <title>
</title>
<meta http-equiv="Content-Type" content="text/html;charset=utf-8" />
  <meta name='ocr-system' content='tesseract 3.04.00' />
  <meta name='ocr-capabilities' content='ocr_page ocr_carea ocr_par ocr_line ocrx_word'/>
</head>
<body>
  <div class='ocr_page' id='page_1' title='image "./operaovid01oviduoft/operaovid01oviduoft_0390.png"; bbox 0 0 1575 2489; ppageno 0'>
   <div class='ocr_carea' id='block_1_1' title="bbox 143 51 932 92">
    <p class='ocr_par' dir='ltr' id='par_1_1' title="bbox 143 51 932 92">
     <span class='ocr_line' id='line_1_1' title="bbox 143 51 932 92; baseline -0.008 0"><span class='ocrx_word' id='word_1_1' title='bbox 143 51 226 92; x_wconf 82' lang='lat'>342</span> <span class='ocrx_word' id='word_1_2' title='bbox 679 55 932 88; x_wconf 81' lang='lat' dir='ltr'>FASTORUM</span> 
     </span>
    </p>
   </div>
   <div class='ocr_carea' id='block_1_2' title="bbox 171 160 1472 2299">
    <p class='ocr_par' dir='ltr' id='par_1_2' title="bbox 171 160 1472 2299">
     <span class='ocr_line' id='line_1_2' title="bbox 316 160 1128 213; baseline 0.002 -14"><span class='ocrx_word' id='word_1_3' title='bbox 316 161 359 200; x_wconf 90' lang='lat' dir='ltr'>ln</span> <span class='ocrx_word' id='word_1_4' title='bbox 390 160 512 200; x_wconf 86' lang='lat' dir='ltr'>multo</span> <span class='ocrx_word' id='word_1_5' title='bbox 544 173 620 199; x_wconf 80' lang='lat' dir='ltr'>nox</span> <span class='ocrx_word' id='word_1_6' title='bbox 653 167 712 200; x_wconf 90' lang='lat' dir='ltr'>est</span> <span class='ocrx_word' id='word_1_7' title='bbox 742 161 967 213; x_wconf 81' lang='lat' dir='ltr'>pervigilata</span> <span class='ocrx_word' id='word_1_8' title='bbox 997 174 1128 202; x_wconf 91' lang='lat' dir='ltr'>mero.</span> 
     </span>
     <span class='ocr_line' id='line_1_3' title="bbox 258 218 1274 271; baseline 0.002 -14"><span class='ocrx_word' id='word_1_9' title='bbox 258 218 305 257; x_wconf 91' lang='lat' dir='ltr'>Hi</span> <span class='ocrx_word' id='word_1_10' title='bbox 337 224 483 257; x_wconf 87' lang='lat' dir='ltr'>temere</span> <span class='ocrx_word' id='word_1_11' title='bbox 516 218 697 257; x_wconf 81' lang='lat' dir='ltr'>errabant</span> <span class='ocrx_word' id='word_1_12' title='bbox 728 221 769 258; x_wconf 92' lang='lat' dir='ltr'>in</span> <span class='ocrx_word' id='word_1_13' title='bbox 800 231 940 270; x_wconf 80' lang='lat' dir='ltr'>opacae</span> <span class='ocrx_word' id='word_1_14' title='bbox 972 219 1133 258; x_wconf 83' lang='lat' dir='ltr'>vallibus</span> <span class='ocrx_word' id='word_1_15' title='bbox 1164 220 1274 271; x_wconf 89' lang='lat' dir='ltr'>Idae,</span> 
     </span>
     <span class='ocr_line' id='line_1_4' title="bbox 315 276 1305 330; baseline 0.002 -16"><span class='ocrx_word' id='word_1_16' title='bbox 315 276 410 315; x_wconf 87' lang='lat' dir='ltr'>Pars</span> <span class='ocrx_word' id='word_1_17' title='bbox 442 278 543 315; x_wconf 91' lang='lat' dir='ltr'>iacet</span> <span class='ocrx_word' id='word_1_18' title='bbox 574 281 613 314; x_wconf 88' lang='lat' dir='ltr'>et</span> <span class='ocrx_word' id='word_1_19' title='bbox 645 276 749 314; x_wconf 89' lang='lat' dir='ltr'>molli</span> <span class='ocrx_word' id='word_1_20' title='bbox 780 279 952 327; x_wconf 78' lang='lat' dir='ltr'>gramine</span> <span class='ocrx_word' id='word_1_21' title='bbox 984 277 1156 316; x_wconf 86' lang='lat' dir='ltr'>membra</span> <span class='ocrx_word' id='word_1_22' title='bbox 1187 278 1305 330; x_wconf 80' lang='lat' dir='ltr'>levat,</span> 
     </span>
     <span class='ocr_line' id='line_1_5' title="bbox 258 333 1431 386; baseline 0.002 -14"><span class='ocrx_word' id='word_1_23' title='bbox 258 333 307 372; x_wconf 94' lang='lat' dir='ltr'>Hi</span> <span class='ocrx_word' id='word_1_24' title='bbox 337 334 501 384; x_wconf 87' lang='lat' dir='ltr'>ludunt,</span> <span class='ocrx_word' id='word_1_25' title='bbox 533 333 603 372; x_wconf 90' lang='lat' dir='ltr'>hos</span> <span class='ocrx_word' id='word_1_26' title='bbox 637 346 795 373; x_wconf 87' lang='lat' dir='ltr'>somnus</span> <span class='ocrx_word' id='word_1_27' title='bbox 826 334 970 386; x_wconf 80' lang='lat' dir='ltr'>habet3</span> <span class='ocrx_word' id='word_1_28' title='bbox 1001 347 1091 386; x_wconf 89' lang='lat' dir='ltr'>pars</span> <span class='ocrx_word' id='word_1_29' title='bbox 1121 334 1277 374; x_wconf 86' lang='lat' dir='ltr'>brachia</span> <span class='ocrx_word' id='word_1_30' title='bbox 1311 337 1431 375; x_wconf 79' lang='lat' dir='ltr'>nectit</span> 
     </span>
     <span class='ocr_line' id='line_1_6' title="bbox 171 391 1302 444; baseline 0.002 -14"><span class='ocrx_word' id='word_1_31' title='bbox 171 400 239 431; x_wconf 87' lang='lat'>330</span> <span class='ocrx_word' id='word_1_32' title='bbox 317 391 367 430; x_wconf 92' lang='lat' dir='ltr'>Et</span> <span class='ocrx_word' id='word_1_33' title='bbox 397 392 559 430; x_wconf 66' lang='lat' dir='ltr'>viridem</span> <span class='ocrx_word' id='word_1_34' title='bbox 592 392 710 430; x_wconf 90' lang='lat' dir='ltr'>celeri</span> <span class='ocrx_word' id='word_1_35' title='bbox 741 398 801 430; x_wconf 91' lang='lat' dir='ltr'>ter</span> <span class='ocrx_word' id='word_1_36' title='bbox 832 393 930 443; x_wconf 90' lang='lat' dir='ltr'>pede</span> <span class='ocrx_word' id='word_1_37' title='bbox 961 392 1089 444; x_wconf 89' lang='lat' dir='ltr'>pulsat</span> <span class='ocrx_word' id='word_1_38' title='bbox 1118 393 1302 432; x_wconf 90' lang='lat' dir='ltr'>humum.</span> 
     </span>
     <span class='ocr_line' id='line_1_7' title="bbox 259 449 1331 502; baseline 0.002 -15"><span class='ocrx_word' id='word_1_39' title='bbox 259 449 372 488; x_wconf 83' lang='lat' dir='ltr'>Vesta</span> <span class='ocrx_word' id='word_1_40' title='bbox 404 451 505 488; x_wconf 87' lang='lat' dir='ltr'>iacet</span> <span class='ocrx_word' id='word_1_41' title='bbox 534 449 800 500; x_wconf 85' lang='lat' dir='ltr'>placidamque</span> <span class='ocrx_word' id='word_1_42' title='bbox 833 452 936 501; x_wconf 83' lang='lat' dir='ltr'>capit</span> <span class='ocrx_word' id='word_1_43' title='bbox 967 462 1105 490; x_wconf 90' lang='lat' dir='ltr'>secura</span> <span class='ocrx_word' id='word_1_44' title='bbox 1137 453 1331 502; x_wconf 85' lang='lat' dir='ltr'>quietem,</span> 
     </span>
     <span class='ocr_line' id='line_1_8' title="bbox 319 507 1272 560; baseline 0.001 -14"><span class='ocrx_word' id='word_1_45' title='bbox 319 507 428 546; x_wconf 85' lang='lat' dir='ltr'>Sicut</span> <span class='ocrx_word' id='word_1_46' title='bbox 460 512 572 559; x_wconf 88' lang='lat' dir='ltr'>erat,</span> <span class='ocrx_word' id='word_1_47' title='bbox 603 509 773 559; x_wconf 90' lang='lat' dir='ltr'>positum</span> <span class='ocrx_word' id='word_1_48' title='bbox 806 510 975 559; x_wconf 88' lang='lat' dir='ltr'>caespite</span> <span class='ocrx_word' id='word_1_49' title='bbox 1008 508 1102 547; x_wconf 86' lang='lat' dir='ltr'>fulta</span> <span class='ocrx_word' id='word_1_50' title='bbox 1134 515 1272 560; x_wconf 77' lang='lat' dir='ltr'>caput,</span> 
     </span>
     <span class='ocr_line' id='line_1_9' title="bbox 258 565 1350 617; baseline 0.002 -14"><span class='ocrx_word' id='word_1_51' title='bbox 258 567 306 604; x_wconf 90' lang='lat' dir='ltr'>At</span> <span class='ocrx_word' id='word_1_52' title='bbox 337 565 456 604; x_wconf 87' lang='lat' dir='ltr'>ruber</span> <span class='ocrx_word' id='word_1_53' title='bbox 487 565 690 604; x_wconf 89' lang='lat' dir='ltr'>hortorum</span> <span class='ocrx_word' id='word_1_54' title='bbox 723 572 854 604; x_wconf 89' lang='lat' dir='ltr'>custos</span> <span class='ocrx_word' id='word_1_55' title='bbox 886 566 1149 617; x_wconf 68' lang='lat' dir='ltr'>nymphasque</span> <span class='ocrx_word' id='word_1_56' title='bbox 1182 566 1350 617; x_wconf 90' lang='lat' dir='ltr'>deasque</span> 
     </span>
     <span class='ocr_line' id='line_1_10' title="bbox 318 622 1350 675; baseline 0.002 -14"><span class='ocrx_word' id='word_1_57' title='bbox 318 622 481 675; x_wconf 77' lang='lat' dir='ltr'>Capiat,</span> <span class='ocrx_word' id='word_1_58' title='bbox 514 629 552 662; x_wconf 86' lang='lat' dir='ltr'>et</span> <span class='ocrx_word' id='word_1_59' title='bbox 583 629 759 662; x_wconf 84' lang='lat' dir='ltr'>errantes</span> <span class='ocrx_word' id='word_1_60' title='bbox 791 625 943 675; x_wconf 87' lang='lat' dir='ltr'>fertque</span> <span class='ocrx_word' id='word_1_61' title='bbox 976 625 1174 675; x_wconf 82' lang='lat' dir='ltr'>refertque</span> <span class='ocrx_word' id='word_1_62' title='bbox 1209 625 1350 675; x_wconf 89' lang='lat' dir='ltr'>pedes.</span> 
     </span>
     <span class='ocr_line' id='line_1_11' title="bbox 174 681 1436 734; baseline 0.001 -14"><span class='ocrx_word' id='word_1_63' title='bbox 174 690 240 720; x_wconf 84' lang='lat'>335</span> <span class='ocrx_word' id='word_1_64' title='bbox 273 682 421 732; x_wconf 77' lang='lat' dir='ltr'>Aspicit</span> <span class='ocrx_word' id='word_1_65' title='bbox 453 686 492 720; x_wconf 89' lang='lat' dir='ltr'>et</span> <span class='ocrx_word' id='word_1_66' title='bbox 523 681 675 720; x_wconf 86' lang='lat' dir='ltr'>Vestam</span> <span class='ocrx_word' id='word_1_67' title='bbox 695 712 703 720; x_wconf 87' lang='lat'><strong><em>.</em></strong></span> <span class='ocrx_word' id='word_1_68' title='bbox 760 681 949 734; x_wconf 89' lang='lat' dir='ltr'>dubium,</span> <span class='ocrx_word' id='word_1_69' title='bbox 981 682 1239 733; x_wconf 70' lang='lat' dir='ltr'>nymphamne</span> <span class='ocrx_word' id='word_1_70' title='bbox 1270 684 1436 733; x_wconf 89' lang='lat' dir='ltr'>putarit,</span> 
     </span>
     <span class='ocr_line' id='line_1_12' title="bbox 319 738 1292 792; baseline 0.002 -15"><span class='ocrx_word' id='word_1_71' title='bbox 319 740 377 777; x_wconf 90' lang='lat' dir='ltr'>An</span> <span class='ocrx_word' id='word_1_72' title='bbox 411 740 544 778; x_wconf 90' lang='lat' dir='ltr'>scierit</span> <span class='ocrx_word' id='word_1_73' title='bbox 574 738 757 792; x_wconf 82' lang='lat' dir='ltr'>Vestam3</span> <span class='ocrx_word' id='word_1_74' title='bbox 790 741 910 779; x_wconf 88' lang='lat' dir='ltr'>scisse</span> <span class='ocrx_word' id='word_1_75' title='bbox 943 740 1010 779; x_wconf 89' lang='lat' dir='ltr'>sed</span> <span class='ocrx_word' id='word_1_76' title='bbox 1041 742 1124 791; x_wconf 89' lang='lat' dir='ltr'>ipse</span> <span class='ocrx_word' id='word_1_77' title='bbox 1156 746 1292 790; x_wconf 86' lang='lat' dir='ltr'>negat.</span> 
     </span>
     <span class='ocr_line' id='line_1_13' title="bbox 260 796 1467 850; baseline 0.001 -15"><span class='ocrx_word' id='word_1_78' title='bbox 260 797 376 849; x_wconf 89' lang='lat' dir='ltr'>Spem</span> <span class='ocrx_word' id='word_1_79' title='bbox 408 799 510 848; x_wconf 90' lang='lat' dir='ltr'>capit</span> <span class='ocrx_word' id='word_1_80' title='bbox 541 796 773 849; x_wconf 87' lang='lat' dir='ltr'>obscenam,</span> <span class='ocrx_word' id='word_1_81' title='bbox 814 799 1025 849; x_wconf 87' lang='lat' dir='ltr'>furtimque</span> <span class='ocrx_word' id='word_1_82' title='bbox 1064 798 1250 837; x_wconf 88' lang='lat' dir='ltr'>accedere</span> <span class='ocrx_word' id='word_1_83' title='bbox 1284 804 1467 850; x_wconf 78' lang='lat' dir='ltr'>temptat,</span> 
     </span>
     <span class='ocr_line' id='line_1_14' title="bbox 316 855 1258 907; baseline 0.001 -14"><span class='ocrx_word' id='word_1_84' title='bbox 316 855 365 894; x_wconf 88' lang='lat' dir='ltr'>Et</span> <span class='ocrx_word' id='word_1_85' title='bbox 396 856 472 894; x_wconf 88' lang='lat' dir='ltr'>fert</span> <span class='ocrx_word' id='word_1_86' title='bbox 504 867 714 907; x_wconf 89' lang='lat' dir='ltr'>suspensos</span> <span class='ocrx_word' id='word_1_87' title='bbox 747 855 863 895; x_wconf 91' lang='lat' dir='ltr'>corde</span> <span class='ocrx_word' id='word_1_88' title='bbox 895 857 1061 895; x_wconf 89' lang='lat' dir='ltr'>micante</span> <span class='ocrx_word' id='word_1_89' title='bbox 1093 855 1258 907; x_wconf 85' lang='lat' dir='ltr'>gradus.</span> 
     </span>
     <span class='ocr_line' id='line_1_15' title="bbox 258 913 1355 966; baseline 0.002 -15"><span class='ocrx_word' id='word_1_90' title='bbox 258 913 374 952; x_wconf 83' lang='lat' dir='ltr'>Forte</span> <span class='ocrx_word' id='word_1_91' title='bbox 407 925 554 965; x_wconf 85' lang='lat' dir='ltr'>senex,</span> <span class='ocrx_word' id='word_1_92' title='bbox 588 925 663 964; x_wconf 91' lang='lat' dir='ltr'>quo</span> <span class='ocrx_word' id='word_1_93' title='bbox 696 920 830 952; x_wconf 72' lang='lat' dir='ltr'>vectus</span> <span class='ocrx_word' id='word_1_94' title='bbox 864 920 974 966; x_wconf 81' lang='lat' dir='ltr'>erat,</span> <span class='ocrx_word' id='word_1_95' title='bbox 1007 914 1160 953; x_wconf 91' lang='lat' dir='ltr'>Silenus</span> <span class='ocrx_word' id='word_1_96' title='bbox 1194 913 1355 954; x_wconf 89' lang='lat' dir='ltr'>asellum</span> 
     </span>
     <span class='ocr_line' id='line_1_16' title="bbox 172 970 1214 1023; baseline 0 -13"><span class='ocrx_word' id='word_1_97' title='bbox 172 979 239 1010; x_wconf 84' lang='lat'>340</span> <span class='ocrx_word' id='word_1_98' title='bbox 317 970 503 1023; x_wconf 91' lang='lat' dir='ltr'>Liquerat</span> <span class='ocrx_word' id='word_1_99' title='bbox 534 972 580 1010; x_wconf 90' lang='lat' dir='ltr'>ad</span> <span class='ocrx_word' id='word_1_100' title='bbox 612 973 715 1022; x_wconf 86' lang='lat' dir='ltr'>ripas</span> <span class='ocrx_word' id='word_1_101' title='bbox 748 972 834 1010; x_wconf 88' lang='lat' dir='ltr'>lene</span> <span class='ocrx_word' id='word_1_102' title='bbox 866 974 1038 1010; x_wconf 89' lang='lat' dir='ltr'>sonantis</span> <span class='ocrx_word' id='word_1_103' title='bbox 1071 984 1214 1023; x_wconf 90' lang='lat' dir='ltr'>aquae.</span> 
     </span>
     <span class='ocr_line' id='line_1_17' title="bbox 258 1028 1223 1081; baseline 0.001 -14"><span class='ocrx_word' id='word_1_104' title='bbox 258 1028 369 1080; x_wconf 89' lang='lat' dir='ltr'>Ibat,</span> <span class='ocrx_word' id='word_1_105' title='bbox 401 1035 444 1068; x_wconf 90' lang='lat' dir='ltr'>ut</span> <span class='ocrx_word' id='word_1_106' title='bbox 475 1031 666 1080; x_wconf 87' lang='lat' dir='ltr'>inciperet</span> <span class='ocrx_word' id='word_1_107' title='bbox 697 1029 802 1080; x_wconf 86' lang='lat' dir='ltr'>longi</span> <span class='ocrx_word' id='word_1_108' title='bbox 833 1029 928 1068; x_wconf 89' lang='lat' dir='ltr'>deus</span> <span class='ocrx_word' id='word_1_109' title='bbox 960 1029 1223 1081; x_wconf 89' lang='lat' dir='ltr'>Hellesponti,</span> 
     </span>
     <span class='ocr_line' id='line_1_18' title="bbox 317 1086 1095 1138; baseline 0.001 -13"><span class='ocrx_word' id='word_1_110' title='bbox 317 1086 593 1138; x_wconf 79' lang='lat' dir='ltr'>Intempestivo</span> <span class='ocrx_word' id='word_1_111' title='bbox 626 1099 714 1126; x_wconf 93' lang='lat' dir='ltr'>cum</span> <span class='ocrx_word' id='word_1_112' title='bbox 746 1088 853 1126; x_wconf 90' lang='lat' dir='ltr'>rudit</span> <span class='ocrx_word' id='word_1_113' title='bbox 882 1087 945 1125; x_wconf 85' lang='lat' dir='ltr'>ille</span> <span class='ocrx_word' id='word_1_114' title='bbox 978 1099 1095 1126; x_wconf 90' lang='lat' dir='ltr'>son0.</span> 
     </span>
     <span class='ocr_line' id='line_1_19' title="bbox 258 1144 1323 1197; baseline -0.001 -14"><span class='ocrx_word' id='word_1_115' title='bbox 258 1145 410 1183; x_wconf 86' lang='lat' dir='ltr'>Territa</span> <span class='ocrx_word' id='word_1_116' title='bbox 440 1156 534 1183; x_wconf 76' lang='lat' dir='ltr'>voce</span> <span class='ocrx_word' id='word_1_117' title='bbox 566 1146 672 1196; x_wconf 85' lang='lat' dir='ltr'>gravi</span> <span class='ocrx_word' id='word_1_118' title='bbox 704 1146 828 1196; x_wconf 87' lang='lat' dir='ltr'>surgit</span> <span class='ocrx_word' id='word_1_119' title='bbox 860 1145 957 1197; x_wconf 81' lang='lat' dir='ltr'>dea3</span> <span class='ocrx_word' id='word_1_120' title='bbox 991 1144 1167 1183; x_wconf 89' lang='lat' dir='ltr'>convolat</span> <span class='ocrx_word' id='word_1_121' title='bbox 1198 1145 1323 1183; x_wconf 90' lang='lat' dir='ltr'>omnis</span> 
     </span>
     <span class='ocr_line' id='line_1_20' title="bbox 317 1202 1223 1254; baseline 0 -13"><span class='ocrx_word' id='word_1_122' title='bbox 317 1202 476 1254; x_wconf 87' lang='lat' dir='ltr'>Turba,</span> <span class='ocrx_word' id='word_1_123' title='bbox 508 1215 578 1254; x_wconf 92' lang='lat' dir='ltr'>per</span> <span class='ocrx_word' id='word_1_124' title='bbox 610 1203 770 1241; x_wconf 85' lang='lat' dir='ltr'>infestas</span> <span class='ocrx_word' id='word_1_125' title='bbox 804 1203 938 1253; x_wconf 82' lang='lat' dir='ltr'>effugit</span> <span class='ocrx_word' id='word_1_126' title='bbox 969 1202 1032 1242; x_wconf 94' lang='lat' dir='ltr'>ille</span> <span class='ocrx_word' id='word_1_127' title='bbox 1064 1214 1223 1241; x_wconf 91' lang='lat' dir='ltr'>manus.</span> 
     </span>
     <span class='ocr_line' id='line_1_21' title="bbox 172 1259 1431 1312; baseline -0.001 -13"><span class='ocrx_word' id='word_1_128' title='bbox 172 1269 238 1300; x_wconf 85' lang='lat'>345</span> <span class='ocrx_word' id='word_1_129' title='bbox 274 1260 526 1312; x_wconf 89' lang='lat' dir='ltr'>[Lampsacus</span> <span class='ocrx_word' id='word_1_130' title='bbox 558 1261 632 1299; x_wconf 91' lang='lat' dir='ltr'>hoc</span> <span class='ocrx_word' id='word_1_131' title='bbox 665 1261 803 1299; x_wconf 89' lang='lat' dir='ltr'>animal</span> <span class='ocrx_word' id='word_1_132' title='bbox 836 1261 947 1300; x_wconf 89' lang='lat' dir='ltr'>solita</span> <span class='ocrx_word' id='word_1_133' title='bbox 979 1267 1038 1299; x_wconf 90' lang='lat' dir='ltr'>est</span> <span class='ocrx_word' id='word_1_134' title='bbox 1069 1266 1236 1299; x_wconf 88' lang='lat' dir='ltr'>mactare</span> <span class='ocrx_word' id='word_1_135' title='bbox 1269 1259 1431 1311; x_wconf 89' lang='lat' dir='ltr'>Priapo:</span> 
     </span>
     <span class='ocr_line' id='line_1_22' title="bbox 317 1317 1237 1370; baseline 0 -13"><span class='ocrx_word' id='word_1_136' title='bbox 317 1320 414 1370; x_wconf 85' lang='lat' dir='ltr'>Apta</span> <span class='ocrx_word' id='word_1_137' title='bbox 446 1320 543 1357; x_wconf 91' lang='lat' dir='ltr'>asini</span> <span class='ocrx_word' id='word_1_138' title='bbox 575 1319 739 1358; x_wconf 82' lang='lat' dir='ltr'>flammis</span> <span class='ocrx_word' id='word_1_139' title='bbox 770 1319 908 1358; x_wconf 89' lang='lat' dir='ltr'>indicis</span> <span class='ocrx_word' id='word_1_140' title='bbox 943 1324 1030 1358; x_wconf 82' lang='lat' dir='ltr'>exta</span> <span class='ocrx_word' id='word_1_141' title='bbox 1062 1318 1196 1357; x_wconf 85' lang='lat' dir='ltr'>damus</span> <span class='ocrx_word' id='word_1_142' title='bbox 1212 1317 1237 1368; x_wconf 93' lang='lat'>.]</span> 
     </span>
     <span class='ocr_line' id='line_1_23' title="bbox 259 1376 1263 1429; baseline -0.001 -14"><span class='ocrx_word' id='word_1_143' title='bbox 259 1377 382 1422; x_wconf 86' lang='lat' dir='ltr'>Quem</span> <span class='ocrx_word' id='word_1_144' title='bbox 414 1382 456 1416; x_wconf 89' lang='lat' dir='ltr'>tu</span> <span class='ocrx_word' id='word_1_145' title='bbox 476 1409 486 1429; x_wconf 87' lang='lat'><em>‚</em></span> <span class='ocrx_word' id='word_1_146' title='bbox 519 1377 632 1429; x_wconf 81' lang='lat' dir='ltr'>diva,</span> <span class='ocrx_word' id='word_1_147' title='bbox 665 1389 814 1416; x_wconf 90' lang='lat' dir='ltr'>memor</span> <span class='ocrx_word' id='word_1_148' title='bbox 847 1377 893 1416; x_wconf 93' lang='lat' dir='ltr'>de</span> <span class='ocrx_word' id='word_1_149' title='bbox 924 1389 1023 1429; x_wconf 92' lang='lat' dir='ltr'>pane</span> <span class='ocrx_word' id='word_1_150' title='bbox 1055 1376 1263 1415; x_wconf 89' lang='lat' dir='ltr'>monilibus</span> 
     </span>
     <span class='ocr_line' id='line_1_24' title="bbox 982 1440 1472 1485; baseline 0 -12"><span class='ocrx_word' id='word_1_151' title='bbox 982 1447 1120 1485; x_wconf 90' lang='lat' dir='ltr'>ornas,</span> <span class='ocrx_word' id='word_1_152' title='bbox 1397 1440 1472 1475; x_wconf 64' lang='lat'>(206)</span> 
     </span>
     <span class='ocr_line' id='line_1_25' title="bbox 319 1492 1218 1544; baseline -0.001 -13"><span class='ocrx_word' id='word_1_153' title='bbox 319 1492 452 1532; x_wconf 86' lang='lat' dir='ltr'>Cessat</span> <span class='ocrx_word' id='word_1_154' title='bbox 484 1505 610 1544; x_wconf 90' lang='lat' dir='ltr'>opus,</span> <span class='ocrx_word' id='word_1_155' title='bbox 643 1505 784 1532; x_wconf 85' lang='lat' dir='ltr'>vacuae</span> <span class='ocrx_word' id='word_1_156' title='bbox 817 1495 1041 1532; x_wconf 89' lang='lat' dir='ltr'>conticuere</span> <span class='ocrx_word' id='word_1_157' title='bbox 1074 1493 1218 1532; x_wconf 81' lang='lat' dir='ltr'>molae.</span> 
     </span>
     <span class='ocr_line' id='line_1_26' title="bbox 259 1550 1364 1603; baseline -0.001 -14"><span class='ocrx_word' id='word_1_158' title='bbox 259 1551 423 1589; x_wconf 81' lang='lat' dir='ltr'>Nomine</span> <span class='ocrx_word' id='word_1_159' title='bbox 442 1583 453 1602; x_wconf 85' lang='lat'><em>‚</em></span> <span class='ocrx_word' id='word_1_160' title='bbox 486 1562 601 1601; x_wconf 89' lang='lat' dir='ltr'>quam</span> <span class='ocrx_word' id='word_1_161' title='bbox 632 1551 732 1590; x_wconf 84' lang='lat' dir='ltr'>serto</span> <span class='ocrx_word' id='word_1_162' title='bbox 751 1582 762 1603; x_wconf 83' lang='lat'>‚</span> <span class='ocrx_word' id='word_1_163' title='bbox 795 1551 1026 1590; x_wconf 88' lang='lat' dir='ltr'>celebratior</span> <span class='ocrx_word' id='word_1_164' title='bbox 1058 1562 1147 1589; x_wconf 89' lang='lat' dir='ltr'>arce</span> <span class='ocrx_word' id='word_1_165' title='bbox 1178 1550 1364 1588; x_wconf 90' lang='lat' dir='ltr'>Tonantis</span> 
     </span>
     <span class='ocr_line' id='line_1_27' title="bbox 172 1608 1171 1660; baseline -0.002 -13"><span class='ocrx_word' id='word_1_166' title='bbox 172 1616 240 1648; x_wconf 88' lang='grc'>350</span> <span class='ocrx_word' id='word_1_167' title='bbox 320 1608 480 1660; x_wconf 89' lang='lat' dir='ltr'>Dicam,</span> <span class='ocrx_word' id='word_1_168' title='bbox 514 1609 677 1647; x_wconf 89' lang='lat' dir='ltr'>Pistoris</span> <span class='ocrx_word' id='word_1_169' title='bbox 710 1608 802 1659; x_wconf 87' lang='lat' dir='ltr'>quid</span> <span class='ocrx_word' id='word_1_170' title='bbox 834 1609 925 1647; x_wconf 74' lang='lat' dir='ltr'>velit</span> <span class='ocrx_word' id='word_1_171' title='bbox 956 1621 1018 1647; x_wconf 90' lang='lat' dir='ltr'>ara</span> <span class='ocrx_word' id='word_1_172' title='bbox 1050 1608 1171 1647; x_wconf 86' lang='lat' dir='ltr'>Iovis.</span> 
     </span>
     <span class='ocr_line' id='line_1_28' title="bbox 260 1665 1300 1718; baseline 0 -13"><span class='ocrx_word' id='word_1_173' title='bbox 260 1667 394 1706; x_wconf 90' lang='lat' dir='ltr'>Cincta</span> <span class='ocrx_word' id='word_1_174' title='bbox 424 1666 702 1718; x_wconf 87' lang='lat' dir='ltr'>premebantur</span> <span class='ocrx_word' id='word_1_175' title='bbox 734 1666 912 1705; x_wconf 91' lang='lat' dir='ltr'>trucibus</span> <span class='ocrx_word' id='word_1_176' title='bbox 944 1666 1128 1718; x_wconf 89' lang='lat' dir='ltr'>Capitolia</span> <span class='ocrx_word' id='word_1_177' title='bbox 1161 1665 1300 1705; x_wconf 91' lang='lat' dir='ltr'>Gallis:</span> 
     </span>
     <span class='ocr_line' id='line_1_29' title="bbox 318 1724 1177 1763; baseline -0.001 0"><span class='ocrx_word' id='word_1_178' title='bbox 318 1724 480 1763; x_wconf 89' lang='lat' dir='ltr'>Fecerat</span> <span class='ocrx_word' id='word_1_179' title='bbox 511 1724 660 1763; x_wconf 88' lang='lat' dir='ltr'>obsidio</span> <span class='ocrx_word' id='word_1_180' title='bbox 692 1726 769 1763; x_wconf 92' lang='lat' dir='ltr'>iam</span> <span class='ocrx_word' id='word_1_181' title='bbox 801 1725 983 1763; x_wconf 85' lang='lat' dir='ltr'>diuturna</span> <span class='ocrx_word' id='word_1_182' title='bbox 1015 1725 1177 1763; x_wconf 91' lang='lat' dir='ltr'>famem.</span> 
     </span>
     <span class='ocr_line' id='line_1_30' title="bbox 262 1782 1260 1834; baseline 0 -14"><span class='ocrx_word' id='word_1_183' title='bbox 262 1783 436 1833; x_wconf 89' lang='lat' dir='ltr'>Iuppiter</span> <span class='ocrx_word' id='word_1_184' title='bbox 454 1814 464 1834; x_wconf 89' lang='lat'><strong><em>,</em></strong></span> <span class='ocrx_word' id='word_1_185' title='bbox 497 1782 542 1821; x_wconf 92' lang='lat' dir='ltr'>ad</span> <span class='ocrx_word' id='word_1_186' title='bbox 576 1782 715 1821; x_wconf 86' lang='lat' dir='ltr'>solium</span> <span class='ocrx_word' id='word_1_187' title='bbox 748 1784 901 1834; x_wconf 91' lang='lat' dir='ltr'>superis</span> <span class='ocrx_word' id='word_1_188' title='bbox 933 1782 1060 1834; x_wconf 85' lang='lat' dir='ltr'>regale</span> <span class='ocrx_word' id='word_1_189' title='bbox 1092 1783 1260 1832; x_wconf 81' lang='lat' dir='ltr'>vocatis,</span> 
     </span>
     <span class='ocr_line' id='line_1_31' title="bbox 320 1837 1287 1892; baseline 0 -13"><span class='ocrx_word' id='word_1_190' title='bbox 320 1837 474 1891; x_wconf 75' lang='lat' dir='ltr'>‘Incipe</span> <span class='ocrx_word' id='word_1_191' title='bbox 495 1837 524 1879; x_wconf 86' lang='lat'>!&#39;</span> <span class='ocrx_word' id='word_1_192' title='bbox 558 1842 611 1878; x_wconf 91' lang='lat' dir='ltr'>ait</span> <span class='ocrx_word' id='word_1_193' title='bbox 641 1839 782 1880; x_wconf 85' lang='lat' dir='ltr'>Marti.</span> <span class='ocrx_word' id='word_1_194' title='bbox 837 1842 1016 1892; x_wconf 88' lang='lat' dir='ltr'>protinus</span> <span class='ocrx_word' id='word_1_195' title='bbox 1048 1839 1111 1878; x_wconf 89' lang='lat' dir='ltr'>ille</span> <span class='ocrx_word' id='word_1_196' title='bbox 1144 1840 1287 1879; x_wconf 78' lang='lat' dir='ltr'>refert:</span> 
     </span>
     <span class='ocr_line' id='line_1_32' title="bbox 176 1899 1399 1950; baseline -0.002 -12"><span class='ocrx_word' id='word_1_197' title='bbox 176 1907 242 1938; x_wconf 86' lang='lat'>355</span> <span class='ocrx_word' id='word_1_198' title='bbox 269 1899 444 1937; x_wconf 70' lang='lat' dir='ltr'>&#39;Scilicet</span> <span class='ocrx_word' id='word_1_199' title='bbox 474 1900 651 1949; x_wconf 86' lang='lat' dir='ltr'>ignotum</span> <span class='ocrx_word' id='word_1_200' title='bbox 683 1904 770 1950; x_wconf 85' lang='lat' dir='ltr'>est,</span> <span class='ocrx_word' id='word_1_201' title='bbox 803 1911 901 1950; x_wconf 88' lang='lat' dir='ltr'>quae</span> <span class='ocrx_word' id='word_1_202' title='bbox 934 1900 985 1937; x_wconf 94' lang='lat' dir='ltr'>sit</span> <span class='ocrx_word' id='word_1_203' title='bbox 1014 1899 1170 1937; x_wconf 85' lang='lat' dir='ltr'>fortuna</span> <span class='ocrx_word' id='word_1_204' title='bbox 1200 1909 1399 1948; x_wconf 89' lang='lat' dir='ltr'>meorum,</span> 
     </span>
     <span class='ocr_line' id='line_1_33' title="bbox 319 1956 1250 2007; baseline -0.001 -12"><span class='ocrx_word' id='word_1_205' title='bbox 319 1957 367 1995; x_wconf 91' lang='lat' dir='ltr'>Et</span> <span class='ocrx_word' id='word_1_206' title='bbox 399 1956 508 1995; x_wconf 90' lang='lat' dir='ltr'>dolor</span> <span class='ocrx_word' id='word_1_207' title='bbox 539 1957 602 1995; x_wconf 89' lang='lat' dir='ltr'>hic</span> <span class='ocrx_word' id='word_1_208' title='bbox 635 1958 753 1995; x_wconf 91' lang='lat' dir='ltr'>animi</span> <span class='ocrx_word' id='word_1_209' title='bbox 784 1969 877 1995; x_wconf 83' lang='lat' dir='ltr'>voce</span> <span class='ocrx_word' id='word_1_210' title='bbox 910 1958 1110 2007; x_wconf 89' lang='lat' dir='ltr'>querentis</span> <span class='ocrx_word' id='word_1_211' title='bbox 1141 1961 1250 2006; x_wconf 85' lang='lat' dir='ltr'>eget.</span> 
     </span>
     <span class='ocr_line' id='line_1_34' title="bbox 262 2012 1447 2067; baseline -0.002 -14"><span class='ocrx_word' id='word_1_212' title='bbox 262 2015 303 2053; x_wconf 89' lang='lat' dir='ltr'>Si</span> <span class='ocrx_word' id='word_1_213' title='bbox 334 2020 463 2054; x_wconf 85' lang='lat' dir='ltr'>tamen</span> <span class='ocrx_word' id='word_1_214' title='bbox 481 2047 492 2067; x_wconf 85' lang='lat'><em>‚</em></span> <span class='ocrx_word' id='word_1_215' title='bbox 524 2020 568 2054; x_wconf 88' lang='lat' dir='ltr'>ut</span> <span class='ocrx_word' id='word_1_216' title='bbox 598 2015 766 2053; x_wconf 86' lang='lat' dir='ltr'>referam</span> <span class='ocrx_word' id='word_1_217' title='bbox 796 2014 967 2053; x_wconf 88' lang='lat' dir='ltr'>breviter</span> <span class='ocrx_word' id='word_1_218' title='bbox 999 2013 1097 2053; x_wconf 90' lang='lat' dir='ltr'>mala</span> <span class='ocrx_word' id='word_1_219' title='bbox 1126 2015 1258 2052; x_wconf 87' lang='lat' dir='ltr'>iuncta</span> <span class='ocrx_word' id='word_1_220' title='bbox 1289 2012 1447 2065; x_wconf 80' lang='lat' dir='ltr'>pudori</span> 
     </span>
     <span class='ocr_line' id='line_1_35' title="bbox 319 2072 1213 2124; baseline -0.001 -13"><span class='ocrx_word' id='word_1_221' title='bbox 319 2072 480 2123; x_wconf 82' lang='lat' dir='ltr'>Exigis:</span> <span class='ocrx_word' id='word_1_222' title='bbox 524 2072 661 2124; x_wconf 93' lang='lat' dir='ltr'>Alpino</span> <span class='ocrx_word' id='word_1_223' title='bbox 693 2072 814 2112; x_wconf 91' lang='lat' dir='ltr'>Roma</span> <span class='ocrx_word' id='word_1_224' title='bbox 846 2072 918 2111; x_wconf 91' lang='lat' dir='ltr'>sub</span> <span class='ocrx_word' id='word_1_225' title='bbox 950 2072 1061 2111; x_wconf 89' lang='lat' dir='ltr'>hoste</span> <span class='ocrx_word' id='word_1_226' title='bbox 1092 2073 1213 2110; x_wconf 89' lang='lat' dir='ltr'>iacet.</span> 
     </span>
     <span class='ocr_line' id='line_1_36' title="bbox 262 2130 1354 2182; baseline -0.002 -13"><span class='ocrx_word' id='word_1_227' title='bbox 262 2130 365 2169; x_wconf 88' lang='lat' dir='ltr'>Haec</span> <span class='ocrx_word' id='word_1_228' title='bbox 399 2136 486 2182; x_wconf 87' lang='lat' dir='ltr'>est,</span> <span class='ocrx_word' id='word_1_229' title='bbox 519 2133 582 2169; x_wconf 91' lang='lat' dir='ltr'>cui</span> <span class='ocrx_word' id='word_1_230' title='bbox 614 2132 740 2170; x_wconf 86' lang='lat' dir='ltr'>fuerat</span> <span class='ocrx_word' id='word_1_231' title='bbox 770 2132 962 2182; x_wconf 89' lang='lat' dir='ltr'>promissa</span> <span class='ocrx_word' id='word_1_232' title='bbox 992 2131 1164 2181; x_wconf 90' lang='lat' dir='ltr'>potentia</span> <span class='ocrx_word' id='word_1_233' title='bbox 1197 2141 1354 2182; x_wconf 82' lang='lat' dir='ltr'>rerum,</span> 
     </span>
     <span class='ocr_line' id='line_1_37' title="bbox 174 2185 1263 2240; baseline -0.003 -11"><span class='ocrx_word' id='word_1_234' title='bbox 174 2197 242 2229; x_wconf 85' lang='lat'>360</span> <span class='ocrx_word' id='word_1_235' title='bbox 320 2187 535 2240; x_wconf 80' lang='lat' dir='ltr'>Iuppiter?</span> <span class='ocrx_word' id='word_1_236' title='bbox 578 2188 677 2228; x_wconf 91' lang='lat' dir='ltr'>hanc</span> <span class='ocrx_word' id='word_1_237' title='bbox 709 2191 826 2228; x_wconf 89' lang='lat' dir='ltr'>terris</span> <span class='ocrx_word' id='word_1_238' title='bbox 856 2189 1110 2240; x_wconf 86' lang='lat' dir='ltr'>impositurus</span> <span class='ocrx_word' id='word_1_239' title='bbox 1143 2185 1263 2226; x_wconf 79' lang='lat' dir='ltr'>eras?</span> 
     </span>
     <span class='ocr_line' id='line_1_38' title="bbox 262 2246 1338 2299; baseline -0.001 -14"><span class='ocrx_word' id='word_1_240' title='bbox 262 2248 418 2298; x_wconf 87' lang='lat' dir='ltr'>Iamque</span> <span class='ocrx_word' id='word_1_241' title='bbox 452 2246 698 2286; x_wconf 87' lang='lat' dir='ltr'>suburbanos</span> <span class='ocrx_word' id='word_1_242' title='bbox 729 2247 971 2299; x_wconf 87' lang='lat' dir='ltr'>Etruscaque</span> <span class='ocrx_word' id='word_1_243' title='bbox 1004 2246 1181 2285; x_wconf 88' lang='lat' dir='ltr'>contudit</span> <span class='ocrx_word' id='word_1_244' title='bbox 1211 2257 1338 2285; x_wconf 85' lang='lat' dir='ltr'>arma.</span> 
     </span>
    </p>
   </div>
  </div>
 </body>
</html>
