1575 2489
155 99 239 140 212
515 99 579 130 EX
602 98 759 131 PONTO
786 99 846 131 IV.
872 106 944 131 XVI
965 100 1111 132 17—52.

271 207 497 257 Ingeniique
531 206 591 243 sui
623 205 750 243 dictus
783 207 1010 255 cognomine
1042 205 1212 257 Largus,

331 264 473 302 Gallica
505 264 572 313 qui
601 262 815 313 Phrygium
847 262 956 301 duxit
986 265 1026 302 in
1058 276 1146 302 arva
1180 276 1336 303 senem:

275 322 427 371 Quique
454 322 557 358 canit
582 320 767 358 domitam
787 319 1013 359 Camerinus
1040 321 1085 359 ab
1112 321 1279 360 Hercule
1301 322 1483 361 Troiam:

210 389 252 419 20
332 379 485 429 Quique
517 389 586 416 sua
618 389 761 416 nomen
792 377 964 429 Phyllide
996 379 1148 418 Tuscus
1180 380 1319 418 habet:

274 437 509 486 Velivolique
542 437 658 474 maris
690 447 861 486 nomen,
894 438 958 475 cui
989 437 1149 476 credere
1181 439 1307 489 possis

333 494 510 533 Carmina
542 493 741 532 caeruleos
774 496 1038 544 composuisse
1070 495 1187 534 deos:

276 554 428 602 Quique
461 553 563 590 acies
596 551 758 602 Libycas
790 551 1039 603 Romanaque
1070 553 1218 603 proelia
1250 553 1368 591 dixit:

333 610 382 648 Et
412 610 586 661 Marius,
619 611 754 660 scripti
785 609 920 648 dexter
951 612 991 648 in
1023 623 1135 650 omne
1167 623 1313 662 genus:

211 677 253 708 25
274 668 579 718 Trinacriusque
612 679 703 706 suae
735 667 942 705 Perseidos
974 674 1138 719 auctor,
1170 674 1210 707 et
1240 675 1375 708 auctor

334 726 556 764 Tantalidae
588 725 743 763 reducis
776 725 1094 776 Tyndaridosque
1126 726 1283 777 Lupus:

275 784 324 823 Et
357 786 423 834 qui
453 784 667 822 Maeoniam
697 783 911 821 Phaeacida
943 786 1088 831 vertit,
1121 790 1160 822 et
1190 796 1266 822 una

334 842 559 880 Pindaricae
592 841 731 879 fidicen
763 847 805 879 tu
839 853 993 892 quoque
1013 873 1024 893 ‚
1054 841 1154 880 Rufe
1174 873 1184 893 ‚
1215 842 1342 892 lyrae:

277 900 463 950 Musaque
496 900 665 938 Turrani
695 901 852 949 tragicis
885 901 1016 937 innixa
1048 900 1273 950 cothurnis,

215 967 258 997 30
337 958 385 996 Et
417 964 483 996 tua
515 970 603 995 cum
635 969 748 995 socco
780 956 918 1008 Musa,
950 957 1102 996 Melisse
1123 989 1133 1009 ,
1164 957 1262 996 levi.

279 1015 376 1055 Cum
407 1015 529 1053 Varus
561 1015 838 1066 Gracchusque
870 1015 1008 1053 darent
1047 1016 1129 1053 fera
1161 1015 1262 1054 dicta
1294 1017 1491 1068 tyrannis,

339 1073 561 1112 Callimachi
592 1072 781 1111 Proculus
814 1073 927 1110 molle
960 1080 1113 1112 teneret
1144 1075 1242 1111 iter:

280 1131 441 1182 Tityron
473 1132 651 1181 antiquas
682 1142 897 1181 passerque
928 1130 1076 1169 rediret
1106 1131 1153 1169 ad
1184 1131 1349 1183 herbas,
1440 1150 1488 1159 -

338 1191 514 1239 Aptaque
546 1190 703 1226 venanti
735 1188 889 1226 Gratius
922 1200 1027 1226 arma
1059 1188 1190 1227 daret:
1405 1206 1423 1223 ε

216 1256 260 1287 35
281 1247 420 1285 Naidas
453 1259 474 1285 a
506 1248 645 1297 satyris
678 1252 836 1284 caneret
866 1245 1063 1285 Fontanus
1096 1253 1262 1298 amatas,

340 1304 546 1344 Clauderet
577 1304 791 1355 imparibus
823 1303 940 1342 verba
973 1304 1124 1354 Capella
1154 1304 1301 1343 modis.

281 1363 456 1414 Cumque
488 1364 616 1401 forent
642 1362 733 1414 alii,
759 1374 926 1413 quorum
951 1362 1046 1400 mihi
1079 1368 1219 1401 cuncta
1250 1363 1399 1401 referre
1420 1371 1494 1404 (146)

340 1422 505 1459 Nomina
536 1420 649 1470 longa
680 1432 789 1458 mora
820 1426 908 1472 est,
940 1422 1110 1459 carmina
1142 1420 1278 1471 vulgus
1311 1420 1449 1473 habet3

282 1480 425 1518 Essent
456 1485 495 1518 et
526 1480 686 1517 iuvenes
705 1510 715 1530 ,
748 1490 914 1529 quorum
946 1479 1049 1528 quod
1081 1478 1225 1517 inedita
1257 1491 1350 1517 cura
1382 1486 1464 1531 est,

218 1547 262 1577 40
335 1537 662 1588 Adpellandorum
695 1536 749 1574 nil
780 1536 875 1574 mihi
905 1537 1002 1574 iurIs
1035 1536 1165 1574 adest.

283 1595 336 1634 Tc
370 1602 497 1634 tamen
529 1597 569 1633 in
600 1593 714 1632 turba
745 1606 823 1632 non
855 1596 1006 1646 ausim,
1038 1594 1148 1633 Cotta
1167 1626 1177 1646 ‚
1210 1594 1347 1646 silere,

342 1653 542 1692 Pieridum
572 1652 703 1690 lumen
734 1652 1049 1703 praesidiumque
1082 1654 1179 1703 fori,

284 1712 480 1750 Maternos
513 1711 644 1749 Cottas
677 1712 741 1748 cui
771 1710 1044 1760 Messallasque
1076 1717 1258 1760 paternos

343 1770 506 1808 Maxima
537 1768 718 1807 nobilitas
748 1770 984 1818 ingeminata
1015 1768 1143 1807 dedit.

222 1836 265 1866 45
287 1828 423 1866 Dicere
456 1829 489 1866 si
520 1827 576 1865 fas
609 1832 668 1865 est
687 1858 696 1876 ,
729 1827 831 1864 claro
863 1838 948 1864 mea
980 1828 1135 1865 nomine
1167 1827 1276 1865 Musa

344 1887 469 1937 Atque
501 1887 603 1924 inter
635 1891 762 1923 tantos
795 1896 893 1934 quae
924 1884 1149 1936 legeretur,
1182 1891 1286 1923 erat.

286 1944 389 1994 Ergo
423 1949 659 1982 summotum
689 1944 815 1994 patria
845 1942 1127 1994 proscindere,
1159 1942 1297 1995 Livor,

346 2003 491 2040 Desine
511 2033 521 2052 ,
553 2013 631 2040 neu
663 2002 815 2040 cineres
847 2012 1015 2052 sparge,
1047 2006 1208 2040 cruente
1228 2033 1238 2052 ‚
1270 2013 1398 2040 meos.

290 2060 427 2099 Omnia
459 2060 723 2110 perdidimus:
764 2058 1030 2097 tantummodo
1062 2060 1138 2098 vita
1170 2059 1304 2098 relicta
1336 2066 1418 2112 est,

228 2127 269 2157 50
348 2117 538 2156 Praebeat
568 2123 612 2156 ut
644 2129 802 2156 sensum
832 2118 1111 2167 materiamque
1144 2118 1254 2156 mali.

292 2176 392 2221 Quid
424 2178 529 2215 iuvat
561 2177 751 2215 extinctos
784 2175 933 2214 ferrum
964 2174 1168 2214 demittere
1200 2177 1241 2214 in
1273 2173 1414 2215 artus?

350 2234 435 2272 lN'on
467 2234 583 2273 habet
614 2235 655 2272 in
686 2233 797 2273 nobis
828 2235 904 2271 iam
935 2245 1033 2272 nova
1063 2233 1173 2285 plaga
1204 2233 1356 2273 locum.
