1575 2489
175 73 258 114 320
711 72 964 105 FASTORUM

292 181 475 231 Quaeque
507 191 604 230 puer
637 179 830 230 quondam
861 180 997 230 primis
1029 178 1233 218 diffuderat
1265 180 1398 231 annis,

324 239 497 277 -Promit
529 238 679 276 fumoso
713 237 867 275 condita
897 238 985 275 vina
1016 237 1131 275 cado.

292 297 371 334 Nec
403 307 509 333 mora
528 325 538 345 ,
570 295 791 333 flumineam
823 294 901 333 lino
935 294 1147 334 celantibus
1179 295 1330 346 ulvam‚

207 363 273 394 520
354 354 415 392 Sic
449 365 602 404 quoque
635 365 713 391 non
745 352 860 403 altis,
891 351 1106 391 incubuere
1139 355 1258 392 toris.

293 412 404 450 Nunc
437 411 562 462 dape,
594 422 699 449 nunc
730 413 856 461 posito
888 422 1042 448 mensae
1075 412 1227 449 nituere
1259 410 1407 462 Lyaeo3

351 469 472 508 Terra
504 468 649 507 rubens
683 475 837 519 crater,
868 468 1007 519 pocula
1038 469 1147 519 fagus
1180 475 1311 507 erant.

294 527 418 566 Verba
451 528 560 565 suere
592 526 720 565 Iovis:
766 523 916 577 ‘siquid
948 526 1023 564 fert
1054 528 1250 578 impetus,
1283 533 1395 577 opta:

353 585 475 624 Omne
508 585 611 623 feres
632 581 661 622 .'
717 584 858 635 placidi
888 583 1004 622 verba
1037 585 1144 623 fuere
1177 586 1303 623 senis:

209 652 274 683 525
296 641 411 682 eCara
444 644 516 682 suit
549 644 745 694 coniunx,
782 644 928 693 primae
960 641 1054 680 mihi
1086 654 1178 680 cura
1209 644 1386 681 iuventae

354 701 541 752 Cognita.
596 713 701 739 nunc
736 700 802 739 ubi
833 702 910 752 sit,
943 701 1128 751 quaeritis
1148 698 1169 738 ἵ)
1212 712 1310 738 urna
1341 702 1460 751 tegit.

295 759 394 799 Huic
427 771 496 810 ego
529 761 679 798 iuratus
699 790 709 809 ‚
740 758 848 797 vobis
880 759 918 796 in
951 757 1068 796 verba
1100 759 1268 809 vocatis,

355 814 615 867 “Coniugio''
649 816 728 856 dixi
761 814 877 855 “sola
909 817 1040 854 fruere
1073 812 1219 854 meo.''

296 875 345 914 Et
377 876 456 914 dixi
488 882 526 914 et
557 887 697 913 servo,
753 875 820 913 sed
853 875 955 913 enim
988 874 1138 913 diversa
1170 873 1346 912 voluntas

210 943 276 973 530
355 933 425 972 Est
456 933 578 985 mil1i3
610 945 682 972 nec
715 934 912 983 coniunx,
945 932 1011 970 sed
1044 939 1153 982 pater
1187 943 1270 970 esse
1303 927 1432 969 volo?

296 993 521 1030 Annuerant
553 1003 687 1030 omnes
707 1022 715 1029 .
771 1001 905 1029 omnes
937 989 983 1028 ad
1015 996 1123 1040 terga
1154 990 1307 1028 iuvenci

356 1050 618 1088 Constiterant
648 1071 694 1076 —
724 1048 850 1099 pudor
883 1054 941 1086 est
972 1047 1158 1086 ulteriora
1189 1047 1316 1097 loqui.

298 1107 396 1146 Tum
428 1108 689 1157 superiniecta
720 1112 852 1145 texere
884 1105 1077 1143 madentia
1108 1111 1238 1143 terra:

355 1165 512 1215 Iamque
545 1164 678 1203 decem
711 1175 893 1215 menses,
926 1169 963 1202 et
995 1174 1093 1213 puer
1125 1168 1234 1202 ortus
1267 1167 1372 1201 erat.

212 1233 277 1263 535
298 1224 410 1262 Hunc
443 1222 608 1274 Hyrieus
627 1253 637 1273 ‚
671 1223 760 1273 quia
792 1223 847 1260 sic
879 1222 1032 1272 genitus
1051 1252 1061 1272 ‚
1093 1227 1204 1259 vocat
1236 1220 1400 1258 Uriona.

355 1281 530 1320 Perdidit
562 1282 765 1331 antiquum
796 1279 924 1318 littera
955 1281 1079 1330 prima
1111 1290 1271 1317 sonum.

299 1340 481 1379 Creverat
512 1341 774 1390 immensum3
807 1339 986 1376 comitem
1019 1337 1093 1376 sibi
1124 1336 1229 1376 Delia
1261 1337 1448 1388 sumpsit,

355 1398 422 1436 Ille
455 1397 548 1436 deae
582 1402 742 1448 custos,
774 1396 836 1434 ille
870 1395 1022 1435 satelles
1055 1401 1159 1434 erat.

299 1455 423 1494 Verba
455 1461 609 1494 movent
640 1457 736 1493 iram
769 1466 846 1493 non
879 1456 1162 1504 circumspecta
1193 1452 1377 1491 deorum.

212 1523 277 1554 540
358 1512 503 1558 ‘Quam
535 1510 745 1564 nequeam'
785 1513 880 1551 dixit
913 1510 1087 1550 tvincere
1107 1542 1117 1562 ,
1150 1510 1252 1549 nulla
1285 1511 1366 1549 sera
1405 1507 1507 1549 est.'

301 1573 490 1622 Scorpion
522 1573 681 1609 immisit
713 1570 872 1609 Tellus.
928 1570 1002 1608 fuit
1032 1571 1201 1620 impetus
1232 1568 1288 1606 illi
1394 1569 1398 1571 “

359 1630 483 1668 Curva
515 1629 783 1680 gemelliparae
816 1627 963 1679 spicula
994 1628 1096 1666 ferre
1130 1627 1244 1665 deae.

300 1688 459 1727 Obstitit
492 1687 612 1726 Orion
633 1716 642 1726 .
695 1686 839 1724 Latona
873 1685 1087 1724 nitentibus
1120 1686 1234 1723 astris

357 1745 512 1784 Addidit
545 1752 583 1784 et
615 1741 765 1783 ‘meriti
796 1740 986 1795 praemia'
1020 1743 1115 1781 dixit
1147 1738 1312 1781 ‘hahet’

468 1836 529 1876 12.
569 1835 605 1876 D
633 1834 692 1875 Ν)
713 1844 1224 1875 LVD-MART·1N·CIRC

213 1929 279 1959 545
302 1919 377 1958 Sed
411 1919 502 1970 quid
534 1924 574 1957 et
605 1917 726 1957 Orion
758 1923 796 1956 et
828 1923 957 1956 cetera
990 1917 1116 1956 sidera
1149 1916 1291 1955 mundo

360 1978 506 2016 Cedere
539 1977 754 2027 festinant,
786 1988 940 2026 noxque
974 1980 1120 2014 coartat
1151 1972 1260 2013 iter?

302 2036 402 2081 Quid
435 2035 547 2074 solito
580 2036 695 2073 citius
727 2033 872 2084 liquido
904 2032 1016 2072 iubar
1048 2044 1215 2083 aequore
1248 2031 1348 2070 tollit
1439 2041 1511 2071 (182)

360 2093 555 2145 Candida,
587 2092 749 2131 lucifero
780 2093 1053 2142 praeveniente
1074 2122 1084 2141 ,
1117 2088 1233 2129 dies?

301 2151 330 2190 F
335 2151 428 2190 allor
446 2182 457 2202 ‚
490 2163 538 2189 an
571 2162 675 2189 arma
708 2155 847 2189 sonant
866 2147 886 2188 i>
930 2161 1007 2187 non
1039 2148 1207 2187 fallimur
1226 2179 1236 2198 ,
1269 2159 1372 2186 arma

1025 2205 1235 2244 sonabant:

214 2276 280 2307 550
360 2267 462 2306 Mars
494 2268 599 2305 venit
632 2272 670 2305 et
701 2267 861 2305 veniens
893 2264 1031 2303 bellica
1063 2266 1171 2316 signa
1204 2263 1332 2303 dedit.
