1601 2484
191 86 343 122 XXXVI

193 199 402 245 postquam
434 196 643 244 exemplar,
676 196 778 244 quod
803 197 961 233 neutros
991 208 1014 234 a
1039 197 1142 235 linea
1166 197 1346 235 reductos
1371 197 1521 243 habuit,

193 253 379 292 mandato
410 253 592 302 magistri
621 252 671 290 ad
702 253 869 292 alteram
893 266 1070 292 normam
1090 265 1321 293 conversum
1341 256 1410 293 est.
1482 254 1522 291 id

194 324 283 349 cum
313 312 354 349 in
384 311 445 349 his
476 311 599 359 fieret,
619 330 674 336 —
697 310 730 348 si
761 312 856 348 adeo
888 324 1022 350 recens
1053 313 1276 361 corruptela
1307 313 1523 350 existimari

195 370 311 407 debet
347 389 395 395 —
430 368 505 407 visi
536 371 637 416 sunt,
669 368 760 417 quia
793 371 873 408 197
910 371 990 408 198
1029 370 1134 408 haud
1165 371 1220 408 ita
1250 371 1351 408 male
1383 382 1520 408 conve-

193 427 371 475 niebant,
403 438 503 464 unus
535 426 762 464 hexameter
792 429 832 465 et
863 439 962 465 unus
986 430 1232 476 pentameter
1257 428 1402 477 deesse,
1434 441 1520 466 con-

195 485 290 522 fecti
322 487 414 523 sunt
450 484 698 533 importunus
733 486 813 523 196
848 487 887 523 et
917 485 963 524 de
995 489 1131 525 castris
1162 488 1299 525 eisdem
1330 487 1522 535 ineptiens

198 544 295 581 199.
369 543 607 581 constructio
639 544 714 590 fuit
737 543 826 591 dies,
858 555 934 590 qua
963 548 1119 582 sumunt
1146 544 1268 582 nihilo
1294 545 1524 583 insolentior

197 613 315 649 quam
345 601 403 638 VI
426 602 506 639 769
540 604 695 648 superat
725 604 758 638 et
788 602 926 640 cecidit.
999 606 1155 641 sumunt
1185 615 1296 641 arona
1326 603 1424 640 illud
1450 605 1522 651 est,

196 659 301 707 quod
332 659 460 697 Kaeso
486 659 631 697 Fabius
663 658 767 708 apud
791 659 947 697 Livium
973 659 1086 707 dixit,
1116 661 1157 698 II
1183 663 1249 710 49,
1280 662 1417 699 bellum
1440 663 1521 709 pri-

194 720 280 755 vato
306 720 459 764 sumptu
480 729 608 765 yerere
632 719 820 756 inanimo
840 721 900 756 est.
975 717 1162 767 dativum,
1193 731 1308 767 quem
1327 719 1426 768 dedi,
1459 732 1521 757 αν-

194 777 278 823 mis,
303 775 470 823 pendere
497 775 675 814 existimo
701 788 724 813 a
749 775 954 824 participio
969 778 1164 825 professa,
1182 778 1359 824 profiteri
1377 777 1522 815 dictum

196 833 243 870 de
281 845 344 882 eo,
383 833 449 882 qui
480 846 526 871 ex
556 834 831 882 provocatione
863 834 913 871 ad
943 846 1117 883 pugnam
1148 847 1428 884 congressurus
1460 835 1523 884 sit,

194 892 300 929 haud
325 891 441 929 aliter
466 904 510 930 ac
534 892 730 940 parasitus
757 892 861 940 apud
886 892 1071 930 Plautum
1099 892 1210 942 Capt.
1237 894 1322 931 430
1347 894 1524 942 postulat

194 950 424 998 parochum3
463 950 639 988 dativum
670 949 710 987 id
740 951 904 988 verbum
935 950 1162 999 admittere,
1199 951 1258 988 uti
1288 952 1410 989 verba
1440 963 1522 989 con-

196 1008 328 1051 dicere,
353 1010 583 1056 promittere,
615 1008 756 1057 quibus
788 1008 837 1046 ad
868 1021 1003 1046 cenam
1035 1021 1075 1046 se
1107 1012 1294 1048 venturos
1319 1010 1522 1059 spondent.

196 1078 307 1104 arona
330 1068 511 1114 professa
537 1067 751 1105 Veientibus
782 1069 902 1105 armis
933 1070 1047 1105 erunt
1077 1067 1306 1117 Fabiorum,
1337 1068 1405 1117 qui
1433 1080 1522 1116 pro-

194 1124 424 1163 vocantibus
444 1125 676 1162 Veientibus
703 1121 849 1163 ‘hostes
875 1121 1045 1174 dantur',
1070 1127 1115 1163 ut
1142 1128 1202 1164 est
1226 1125 1330 1174 apud
1354 1126 1520 1165 Livium.

195 1194 306 1220 corma
339 1186 503 1221 coereeat
533 1184 653 1221 armis
683 1185 742 1220 est
773 1182 794 1220 I
827 1184 921 1231 715,
953 1183 1193 1222 Mutinensia
1216 1185 1382 1231 perculit
1412 1196 1522 1223 arma

194 1240 277 1277 IIII
299 1242 394 1288 629,
426 1252 538 1279 arma
562 1240 719 1278 Persica
749 1241 914 1278 contudit
944 1243 1064 1279 armis
1082 1241 1196 1279 Pont.
1217 1241 1236 1278 I
1256 1250 1306 1279 111
1328 1244 1393 1280 69.

196 1295 280 1336 398
312 1294 487 1337 NESCIO
522 1306 649 1344 QUEM
681 1307 812 1337 vnms
846 1306 1064 1338 susmcon
1094 1307 1203 1338 ESSE
1227 1308 1367 1338 DEUM.
1440 1300 1521 1338 eod.

195 1356 328 1394 Petav.
373 1368 482 1403 quem
524 1358 644 1403 vobis,
688 1356 817 1395 Ursin.
861 1368 969 1404 quem
1015 1369 1034 1395 e
1075 1359 1187 1397 vobis.
1269 1358 1411 1397 Volnns
1454 1359 1524 1396 alit

194 1417 299 1453 venis
313 1414 430 1464 Verg.
580 1412 662 1452 457
685 1423 765 1452 IAM
779 1423 912 1453 IOVIS.
973 1415 1066 1453 libri
1078 1416 1169 1454 Iam
1188 1417 1287 1454 levis.
1437 1413 1521 1455 568

198 1481 319 1519 Quor
352 1481 539 1510 HABENT
568 1480 774 1510 CARMxNA
797 1481 978 1511 NOSTRA
1001 1481 1159 1512 PEDEs.
1231 1474 1336 1523 quod
1365 1474 1407 1511 in
1437 1475 1522 1512 loco

195 1531 424 1568 difficillimo
461 1532 764 1579 temptaveram,
807 1543 885 1569 non
920 1532 1035 1580 longe
1073 1532 1210 1570 aberat
1245 1543 1269 1569 a
1305 1532 1523 1571 rationibus

197 1589 343 1638 Orphei
386 1591 456 1627 aut
499 1589 683 1638 Pythiae,
728 1589 796 1638 qui
838 1589 1108 1627 hexametrum
1153 1589 1335 1628 dixerunt
1378 1587 1522 1638 ὄρθιον

197 1645 394 1695 ἑξαμερὲε
426 1644 613 1694 τετόρων
639 1644 705 1685 καὶ
730 1643 854 1686 εἴκοςι
880 1646 1054 1696 μέτρων,
1080 1648 1146 1686 sed
1178 1648 1364 1687 abhorret
1394 1661 1418 1686 a
1443 1661 1523 1687 ser-

195 1706 321 1744 monis
345 1705 459 1743 latini
477 1705 768 1744 consuetudine.
842 1706 1043 1744 octiduum
1063 1706 1259 1756 designari
1277 1709 1521 1755 putaveram,

196 1764 301 1813 quod
332 1766 392 1801 est
423 1764 526 1801 inter
551 1763 707 1801 Feralia
738 1766 778 1801 et
802 1763 1016 1813 Kalendas3
1049 1764 1204 1802 Feralia
1235 1765 1310 1803 dici
1340 1766 1437 1803 hanc
1467 1767 1522 1803 Za-

195 1834 273 1860 cem
298 1835 333 1861 v.
362 1823 444 1860 569
473 1825 511 1859 et
535 1821 710 1870 proximo
735 1823 843 1860 illam
867 1823 980 1860 client:
1015 1835 1114 1872 quae
1138 1823 1369 1872 pronomina
1396 1824 1523 1862 solent

197 1880 244 1917 de
276 1880 395 1918 rebus
428 1880 592 1919 diversis
624 1880 783 1929 opponi,
815 1880 877 1918 ΠΙ
909 1881 990 1918 401
1024 1881 1107 1918 ΙΠΙ
1138 1883 1221 1919 432
1254 1883 1337 1920 433
1371 1881 1406 1917 V
1440 1883 1522 1920 700

195 1938 253 1975 VI
286 1940 338 1977 85
379 1940 446 1976 86.
519 1940 578 1976 est
609 1950 702 1976 vero
734 1938 877 1987 duplex
914 1939 971 1976 rei
1009 1951 1140 1977 sacrae
1177 1951 1319 1988 genus,
1359 1939 1407 1976 de
1445 1952 1522 1988 quo

196 1997 342 2046 agitur:
384 1997 554 2035 alterum
582 1996 755 2045 Feralia,
793 1996 834 2033 in
864 1997 977 2035 fastis
1008 1997 1241 2046 perscripta,
1279 2010 1445 2046 quorum
1477 2010 1523 2035 ex

198 2055 332 2092 ordine
364 2057 455 2104 post
480 2054 697 2100 Quirinalia
727 2067 750 2092 a
780 2056 898 2103 poeta
929 2055 1031 2093 ratio
1058 2055 1237 2093 habenda
1269 2058 1371 2105 erat3
1403 2058 1522 2105 atque

196 2126 240 2151 eo
272 2113 520 2162 potissimum
551 2113 678 2151 refero
711 2113 812 2163 quod
838 2126 874 2152 v.
901 2114 983 2152 569
1011 2115 1082 2162 est,
1113 2114 1237 2152 Hanc.
1313 2115 1380 2152 sed
1405 2114 1524 2152 inter-

195 2172 328 2221 posuit
349 2173 395 2209 cle
422 2172 546 2210 altero
565 2182 721 2221 genere,
747 2172 878 2210 diebus
894 2173 1162 2218 parentalibus
1183 2173 1277 2221 548,
1303 2173 1418 2220 ferali
1437 2176 1524 2210 tenz-

192 2242 284 2277 pore
315 2230 351 2266 V
378 2231 473 2279 486,
506 2230 610 2279 quod
634 2232 723 2278 post
749 2229 966 2275 Quirinalia
996 2230 1155 2268 initium
1186 2230 1332 2278 cepisse
1362 2243 1441 2268 non
1470 2231 1524 2268 vi-

196 2287 326 2326 detur:
359 2300 450 2326 nam
483 2288 515 2326 si
546 2288 681 2327 Iunius
713 2288 856 2326 mensis
887 2288 1058 2337 quinque
1085 2288 1361 2326 Lemni-iorum
1387 2289 1525 2327 diebus
