1575 2489
197 95 279 136 176
741 96 804 127 EX
829 94 985 127 PONTO

371 204 427 242 Ad
459 203 649 241 medicam
681 201 823 240 dubius
855 202 1030 253 confugit
1061 214 1175 253 aeger
1207 214 1342 253 opem.

311 262 396 300 Non
429 273 527 312 opus
560 267 620 299 est
650 262 799 311 magnis
830 260 979 310 placido
1012 260 1157 299 lectore
1189 262 1337 312 poetis3

252 329 293 359 10
373 318 592 364 Quamlibet
623 320 786 357 invitum
819 317 1094 369 difficilemque
1126 324 1285 357 tenent.

311 376 390 415 Nos
410 408 420 428 ‚
452 376 594 428 quibus
625 378 825 426 ingenium
856 376 960 426 longi
990 378 1168 415 minuere
1200 376 1378 428 labores,

371 435 447 473 Aut
479 436 594 474 etiam
626 434 777 473 nullum
808 434 971 473 forsitan
1003 440 1090 473 ante
1123 435 1219 486 fuit,

315 492 470 531 Viribus
502 494 676 544 infirmi,
706 498 836 531 vestro
869 492 1036 531 candore
1068 492 1263 532 valemus:

373 550 497 596 Quem
529 551 624 589 mihi
656 553 688 589 si
719 550 850 589 demas
869 582 880 602 ‚
912 552 1039 589 omnia
1070 557 1179 602 rapta
1210 557 1366 602 putem.

253 620 292 649 15
315 609 540 660 Cunctaque
573 621 662 648 cum
693 621 778 647 mea
810 610 887 647 sint
917 621 1111 659 propenso
1144 610 1232 647 nixa
1263 610 1416 660 favore,

372 667 629 718 Praecipuum
663 668 795 705 veniae
826 668 887 705 ius
919 666 1035 705 habet
1066 667 1128 705 ille
1161 667 1285 706 liber.

316 726 541 778 Spectatum
575 731 679 764 vates
712 725 774 763 alii
807 726 1001 775 scripsere
1033 725 1298 775 triumphum.

373 784 443 822 Est
475 783 618 834 aliquid
650 785 814 822 memori
846 785 925 821 visa
957 788 1092 821 notare
1125 795 1264 821 manu.

313 842 392 881 Nos
423 855 468 881 ea
500 844 561 880 vix
593 842 741 881 avidam
774 841 886 892 vulgo
919 847 1070 892 captata
1100 853 1171 892 per
1202 853 1336 880 aurem

252 910 296 940 20
377 901 613 951 Scripsimus
633 932 644 952 ‚
676 905 792 950 atque
825 899 927 938 oculi
957 901 1056 938 sama
1088 900 1197 938 fuere
1230 901 1329 938 mei.

317 959 474 997 Scilicet
505 959 665 997 affectus
698 958 873 1010 similes,
905 964 972 997 aut
1001 960 1171 1009 impetus
1203 957 1305 996 idem

376 1017 506 1055 Rebus
539 1016 585 1055 ab
621 1016 762 1055 auditis
795 1017 1095 1067 conspicuisque
1129 1014 1266 1054 venit?

316 1075 396 1113 Nec
427 1076 531 1113 nitor
563 1076 742 1125 argenti,
775 1087 890 1124 quem
921 1087 988 1112 vos
1020 1074 1170 1113 vidistis
1189 1105 1199 1124 ,
1232 1080 1271 1112 et
1302 1076 1387 1113 auri
1472 1083 1529 1115 (90)

376 1133 487 1178 Quod
518 1132 613 1170 mihi
645 1132 842 1183 desuerit,
874 1144 1127 1183 purpuraque
1159 1132 1251 1182 illa,
1283 1144 1452 1182 queror:

253 1200 296 1230 25
319 1191 394 1230 Sed
426 1191 537 1242 loca,
570 1190 638 1229 sed
669 1196 804 1241 gentes
837 1191 1023 1229 formatae
1057 1190 1158 1228 mille
1190 1190 1325 1241 figuris

376 1249 602 1288 Nutrissent
633 1261 790 1287 carmen
821 1249 1045 1299 proeliaque
1077 1250 1161 1299 ipsa
1192 1260 1345 1300 meum,

316 1308 366 1346 Et
397 1319 534 1358 regum
566 1307 696 1345 vultus
715 1339 726 1358 ‚
759 1309 975 1345 certissima
1007 1308 1169 1357 pignora
1202 1308 1366 1359 mentis,

376 1366 570 1404 Iuvissent
601 1366 727 1415 aliqua
759 1366 921 1403 forsitan
953 1365 1048 1403 illud
1081 1377 1202 1416 opus.

317 1424 522 1463 Plausihus
554 1436 600 1462 ex
630 1425 726 1474 ipsis
757 1423 890 1474 populi
922 1423 1099 1474 laetoque
1132 1424 1260 1462 favore

255 1491 299 1522 30
378 1483 581 1533 Ingenium
614 1482 776 1532 quodvis
807 1481 1015 1520 incaluisse
1046 1487 1197 1532 potest.

318 1539 492 1590 Tamque
530 1551 601 1590 ego
639 1541 895 1589 sumpsissem
932 1540 998 1578 tali
1030 1540 1196 1578 clamore
1230 1540 1424 1592 vigorem,

379 1599 502 1643 Quam
534 1598 642 1636 rudis
675 1598 804 1636 audita
837 1597 947 1636 miles
979 1598 1025 1636 ad
1058 1610 1164 1636 arma
1196 1597 1311 1637 tuba.

318 1657 481 1695 Pectora
513 1658 591 1694 sint
622 1655 734 1694 nobis
766 1656 919 1694 nivibus
951 1656 1151 1707 glacieque
1184 1656 1317 1695 licebit

378 1716 503 1765 Atque
534 1714 607 1752 hoc
626 1746 638 1766 ‚
670 1726 785 1764 quem
817 1716 971 1766 patior,
1004 1715 1204 1765 frigidiora
1235 1714 1344 1753 loco:

250 1782 293 1811 35
315 1772 378 1811 Illa
411 1773 521 1811 ducis
553 1774 672 1811 facies
703 1774 742 1810 in
776 1784 894 1811 curru
931 1775 1067 1811 stantis
1101 1772 1250 1811 eburno

377 1831 590 1869 Excuteret
623 1831 744 1880 frigus
778 1830 958 1869 sensibus
991 1843 1104 1869 omne
1137 1832 1257 1869 meis.

320 1889 388 1927 His
421 1901 491 1939 ego
525 1889 699 1927 defectus
720 1920 730 1940 ‚
762 1888 968 1940 dubiisque
1001 1889 1226 1928 auctoribus
1258 1901 1376 1941 usus,

378 1947 433 1985 Ad
467 1949 584 1985 vestri
618 1949 729 1985 venio
760 1949 845 1986 iure
879 1948 1019 1985 favoris
1051 1959 1186 1998 opem.

322 2005 399 2044 Nec
432 2005 525 2043 mihi
556 2012 646 2044 nota
679 2005 851 2056 ducum,
883 2018 956 2044 nec
989 2011 1080 2044 sunt
1111 2005 1205 2044 mihi
1236 2011 1327 2044 nota
1358 2005 1531 2045 locorum

257 2073 300 2103 40
380 2063 569 2102 Nomina.
627 2065 829 2102 materiam
860 2075 938 2102 non
969 2063 1140 2102 habuere
1173 2075 1334 2103 manus.
1568 2083 1570 2092 ‚

321 2122 415 2161 Pars
448 2127 564 2173 quota
598 2122 645 2160 de
678 2123 794 2160 tantis
826 2121 974 2173 rebus,
1007 2134 1123 2172 quam
1155 2122 1253 2160 fama
1285 2123 1456 2175 referre,

380 2181 456 2219 Aut
487 2180 626 2230 aliquis
658 2180 770 2218 nobis
802 2179 975 2219 scribere
1007 2186 1169 2233 posset,
1201 2179 1318 2220 erat?

323 2238 406 2284 Quo
440 2240 589 2290 magis,
622 2251 643 2276 0
675 2238 827 2290 lector,
861 2238 978 2277 debes
1010 2240 1243 2291 ignoscere,
1276 2239 1404 2290 siquid

380 2297 562 2335 Erratum
595 2303 654 2335 est
685 2296 762 2335 illic
795 2298 1094 2348 praeteritumve
1128 2297 1243 2335 mihi.
1559 2249 1575 2402 ἴ

1558 2408 1566 2452 i

1558 2457 1563 2489 l
