1575 2489
171 79 224 119 76
718 78 942 110 TRISTIUM

287 187 368 226 Sim
399 187 490 225 licet
522 191 772 236 extremum,
810 186 911 223 sicut
942 196 1027 223 sum
1047 215 1057 235 ‚
1095 185 1238 221 missus
1270 184 1308 220 in
1341 181 1499 235 orbem,

224 253 267 283 10
287 245 428 283 Nostra
462 256 551 281 suas
583 244 684 281 istuc
716 243 891 293 porriget
920 243 977 280 ira
1010 253 1172 279 manus.

289 302 425 341 Omnia
444 331 455 352 ‚
488 303 520 339 si
553 302 680 339 nescis
699 331 710 352 ,
742 299 882 338 Caesar
912 299 1007 338 mihi
1038 301 1122 338 iura
1155 298 1335 350 reliquit,

287 360 336 398 Et
369 359 447 397 sola
481 365 540 397 est
572 360 695 409 patria
727 370 850 408 poena
882 370 1015 396 carere
1049 369 1155 395 mea.

288 417 336 456 Et
368 418 530 468 patriam
550 447 561 468 ,
593 417 706 454 modo
740 418 789 454 sit
821 427 955 466 sospes
975 447 985 466 ‚
1017 427 1218 466 speramus
1251 414 1297 453 ab
1328 414 1416 453 illo:

291 475 413 526 Saepe
445 474 544 513 Iovis
579 475 653 512 telo
687 486 856 525 quercus
889 474 1024 512 adusta
1056 475 1177 511 viret.

228 541 268 572 15
291 534 465 584 Denique
498 532 688 571 vindictae
721 533 754 570 si
786 533 837 570 sit
868 531 961 570 mihi
992 531 1096 569 nulla
1129 530 1314 582 facultas,

289 591 464 630 PierIdes
496 593 599 629 vires
632 596 671 629 et
703 602 771 628 sua
803 589 877 628 tela
911 589 1079 628 dabunt.

291 650 400 695 Quod
435 649 626 700 Scythicis
659 648 828 686 habitem
860 647 973 698 longe
1007 652 1223 685 summotus
1255 648 1296 685 in
1328 647 1430 697 oris,

291 708 480 758 Siccaque
514 708 592 745 sint
623 706 747 745 oculis
778 707 953 756 proxima
986 707 1093 755 signa
1126 706 1245 743 meis:

290 766 430 804 Nostra
463 778 532 816 per
564 767 760 803 inmensas
792 763 905 802 ibunt
936 764 1141 814 praeconia
1174 768 1332 814 gentes,

225 831 269 863 20
290 824 480 874 Quodque
516 836 686 874 querar,
718 828 852 861 notum
873 852 882 869 ‚
916 833 989 872 qua
1023 827 1128 872 patet
1159 820 1264 858 orbis
1283 852 1294 872 ,
1326 822 1425 859 erit.

289 882 364 920 Ibit
395 882 441 920 ad
474 894 654 920 occasum
674 912 684 931 ,
717 879 902 931 quicquid
935 880 1139 931 dicemus,
1170 878 1216 917 ab
1249 883 1361 930 ortu,

292 940 420 978 Testis
454 944 492 978 et
523 939 724 990 hesperiae
756 940 862 976 vocis
895 950 989 976 eous
1023 939 1125 976 erit.

293 998 418 1036 Trans
450 1010 520 1048 ego
551 998 730 1036 tellurem
751 1028 761 1048 ‚
793 1002 900 1034 trans
932 996 1026 1034 altas
1057 995 1191 1034 audiar
1222 995 1369 1047 undas,

291 1056 340 1094 Et
372 1058 539 1107 gemitus
571 1067 644 1093 vox
677 1063 736 1093 est
767 1066 904 1105 magna
936 1054 1066 1092 sutura
1098 1055 1201 1104 mei,

227 1122 269 1153 25
291 1115 370 1152 Nec
402 1120 468 1152 tua
502 1120 538 1151 te
572 1119 723 1151 sontem
756 1112 1022 1151 tantummodo
1056 1111 1209 1150 saecula
1241 1113 1395 1150 norint:

290 1173 508 1222 Perpetuae
542 1173 689 1210 crimen
722 1171 962 1221 posteritatis
995 1171 1095 1209 eris.

292 1230 369 1268 lam
402 1230 507 1268 seror
539 1231 577 1268 in
610 1241 759 1280 pugnas
779 1259 790 1279 ‚
822 1235 860 1267 et
892 1228 1064 1266 nondum
1097 1239 1243 1266 cornua
1275 1229 1446 1279 sumpsi,

291 1289 370 1326 Nec
403 1288 497 1326 mihi
530 1287 708 1326 sumendi
741 1298 856 1325 causa
889 1287 938 1324 sit
970 1286 1074 1338 ulla,
1107 1285 1243 1325 velim.

292 1346 428 1385 Circus
461 1345 586 1384 adhuc
620 1351 774 1396 cessat3
808 1346 953 1395 spargit
986 1350 1113 1382 tamen
1146 1356 1235 1382 acer
1267 1356 1422 1383 arenam

228 1414 271 1444 30
292 1404 445 1443 Taurus
478 1410 516 1442 et
546 1404 687 1442 infesto
721 1405 795 1441 iam
827 1402 924 1453 pede
957 1403 1085 1452 pulsat
1116 1402 1300 1441 humum.

292 1462 373 1501 Hoc
413 1474 567 1513 quoque
587 1492 598 1514 ‚
631 1474 744 1513 quam
777 1461 909 1512 volui,
941 1460 1028 1510 plus
1061 1467 1147 1500 est.
1201 1472 1324 1512 cane,
1355 1460 1486 1512 Musa,

854 1525 1062 1570 receptus,

293 1578 392 1618 Dum
424 1578 515 1617 licet
546 1577 636 1617 huic
670 1589 811 1616 nomen
845 1576 1089 1615 dissimulare
1122 1575 1258 1616 suum!

810 1704 864 1751 X.

294 1811 362 1850 llle
395 1823 464 1862 ego
498 1812 564 1861 qui
596 1811 736 1848 fuerim
757 1842 767 1861 ,
799 1815 1025 1849 tenerorum
1058 1809 1165 1848 lusor
1197 1821 1394 1860 amorum,

295 1870 419 1915 Quem
451 1869 547 1919 legis
566 1900 576 1920 ‚
608 1874 652 1907 ut
683 1870 819 1920 noris,
853 1869 984 1919 accipe
1017 1870 1249 1919 posteritas.

296 1928 429 1966 Sulmo
463 1927 556 1965 mihi
588 1928 711 1978 patria
745 1932 832 1977 est,
864 1926 1000 1976 gelidis
1033 1926 1254 1964 uberrimus
1288 1926 1424 1977 undis,

296 1986 398 2024 Milia
431 1987 498 2036 qui
530 1986 662 2023 novies
694 1984 811 2023 distat
842 1984 887 2022 ab
923 1984 1023 2023 Urbe
1057 1984 1213 2023 decem.

256 2052 274 2082 5
296 2044 435 2082 Editus
467 2043 529 2081 hic
561 2054 632 2093 ego
665 2055 780 2094 sum3
812 2054 884 2081 nec
916 2055 994 2080 non
1026 2049 1070 2081 ut
1099 2048 1275 2093 tempora
1306 2043 1436 2093 noris,

291 2099 395 2141 ‘Cum
426 2101 568 2141 cecidit
600 2102 676 2139 fato
710 2101 846 2139 consul
879 2106 1045 2151 uterque
1077 2102 1182 2151 pari.

298 2160 435 2210 Siquid
468 2160 505 2197 id
533 2165 619 2211 est,
650 2171 775 2209 usque
807 2171 826 2197 a
859 2160 1013 2210 proavis
1043 2164 1154 2197 vetus
1187 2158 1334 2197 ordinis
1370 2157 1508 2208 heres,

296 2218 380 2257 Non
415 2218 528 2256 modo
561 2218 739 2256 fortunae
773 2229 934 2255 munere
967 2217 1092 2255 factus
1125 2229 1269 2267 eques.

296 2276 375 2315 Nec
408 2278 527 2326 stirps
560 2278 683 2326 prima
716 2276 800 2327 sui3
833 2277 963 2326 genito
997 2287 1081 2313 sum
1116 2275 1234 2314 fratre
1267 2280 1443 2326 creatus,
