1575 2489
607 80 653 113 11.
681 81 853 113 73—138.
1311 77 1394 118 237

103 196 166 229 105
187 188 286 226 Dant
310 188 487 238 veniam,
518 187 724 238 ridentque
751 197 924 226 moram.
968 187 1070 237 capit
1100 185 1163 225 ille
1191 197 1396 238 coronam,

245 245 350 290 Quae
382 246 506 296 possit
537 246 666 283 crines
685 276 694 292 ,
727 244 911 296 Phoebe,
943 243 1083 282 decere
1115 250 1228 283 tuos:

187 303 371 342 Induerat
401 303 517 353 Tyrio
550 302 610 341 bis
640 305 800 341 tinctam
831 303 981 341 murice
1013 302 1174 353 pallam:

244 361 426 399 Reddidit
456 362 533 398 icta
565 372 655 399 suos
688 360 826 411 pollice
859 360 1004 399 chorda
1035 372 1175 399 sonos:

188 418 417 468 [Flebilibus
449 420 622 457 numeris
653 418 774 457 veluti
805 420 980 457 canentia
1012 418 1109 457 dura

103 486 167 516 110
246 476 447 515 Traiectus
479 478 595 527 pinna
629 482 802 527 tempora
833 481 962 515 cantat
993 476 1075 514 olor
1090 475 1116 525 .]

186 534 369 573 Protinus
400 535 441 573 in
472 534 618 573 medias
649 540 809 573 ornatus
841 534 969 573 desilit
1000 533 1146 585 undaS,

248 592 451 643 Spargitur
482 592 648 643 impulsa
679 592 832 631 caerula
864 593 1005 643 puppis
1037 603 1157 642 aqua.

187 651 279 689 Inde
312 672 355 677 —
388 650 462 689 fide
495 651 618 689 maius
651 672 694 677 —
726 656 836 701 tergo
868 649 1049 700 delphina
1080 661 1244 688 recurvo
1340 657 1395 687 (39)

247 708 296 746 Se
328 714 543 747 memorant
574 709 685 747 oneri
716 708 967 759 subposuisse
1000 719 1121 745 novo.

103 775 167 805 115
188 766 254 805 Ille
287 766 428 805 sedens
460 766 725 817 citharamque
758 771 892 817 tenet,
930 767 1178 816 pretiumque
1210 763 1396 814 vehendi,

246 824 383 863 Cantat
414 830 453 863 et
483 836 694 874 aequoreas
726 825 897 862 carmine
929 823 1073 861 mulcet
1104 834 1246 873 aquas.

187 882 233 921 Di
264 884 326 933 pia
357 883 456 921 sacta
487 882 641 921 vident:
684 883 798 920 astris
830 880 1011 931 delphina
1042 882 1192 931 recepit

246 940 420 992 Iuppiter
452 945 490 979 et
521 939 650 978 stellas
682 940 795 978 iussit
826 938 970 977 habere
1003 950 1164 977 novem.

599 1029 635 1071 5.
667 1028 706 1070 D
737 1028 871 1070 NON

188 1113 300 1152 Nunc
332 1114 426 1152 mihi
459 1113 560 1151 mille
594 1125 709 1151 sonos
728 1144 738 1164 ,
771 1124 924 1163 quoque
957 1118 1016 1150 est
1048 1116 1285 1150 memoratus

911 1169 1102 1220 Achilles,

105 1239 170 1269 120
249 1229 394 1268 Vellem
413 1260 423 1280 ‚
455 1228 654 1267 Maeonide
672 1258 683 1280 ,
715 1233 853 1278 pectus
884 1229 1013 1266 inesse
1044 1233 1179 1278 tuum,

189 1288 289 1327 Dum
321 1288 495 1326 canimus
527 1299 657 1325 sacras
689 1286 837 1325 alterno
869 1287 1024 1336 pectine
1055 1285 1206 1324 Nonas.

248 1345 436 1383 Maximus
468 1345 531 1383 hic
562 1346 671 1383 fastis
703 1343 969 1383 accumulatur
999 1343 1147 1382 honos.

189 1403 327 1442 Deficit
357 1405 584 1454 ingenium,
616 1404 839 1453 maioraque
871 1401 1019 1440 viribus
1050 1406 1215 1451 urgent.

247 1461 350 1500 Haec
382 1461 477 1499 mihi
508 1462 718 1511 praecipuo
750 1466 810 1499 est
841 1472 908 1498 ore
941 1459 1112 1498 canenda
1143 1459 1249 1498 dies.

105 1527 169 1558 125
191 1519 291 1565 Quid
323 1519 426 1557 volui
457 1519 617 1557 demens
649 1518 767 1569 elegis
798 1519 999 1569 imponere
1031 1522 1182 1556 tantum

248 1577 437 1616 Ponderis
457 1575 478 1615 Ῥ
520 1576 630 1615 heroi
662 1588 726 1615 res
759 1582 842 1615 erat
873 1577 946 1615 ista
976 1575 1109 1627 pedis.

192 1636 331 1674 Sancte
362 1635 478 1674 Pater
509 1636 656 1686 patriae
675 1666 686 1686 ‚
717 1634 788 1673 tibi
818 1633 928 1685 plebs
947 1665 958 1686 ,
989 1633 1061 1672 tibi
1093 1634 1200 1672 curia
1232 1644 1372 1671 nomen

249 1693 331 1732 Hoc
363 1693 497 1745 dedit3
530 1693 605 1732 hoc
637 1692 814 1731 dedimus
846 1704 916 1731 nos
948 1691 1019 1731 tibi
1050 1703 1221 1742 nomen,
1259 1703 1400 1742 equeS.

191 1751 268 1790 Res
299 1757 429 1789 tamen
461 1756 549 1790 ante
581 1750 714 1790 dedit.
771 1763 858 1789 sero
891 1762 1047 1801 quoque
1078 1762 1170 1788 vera
1200 1749 1324 1788 tulisti

108 1818 173 1849 130
251 1809 442 1860 Nomina,
475 1810 550 1847 iam
581 1809 732 1859 pridem
764 1815 806 1847 tu
838 1814 948 1859 pater
979 1808 1085 1846 orbis
1119 1819 1226 1846 eras.

192 1867 273 1906 Hoc
305 1872 348 1906 tu
379 1879 450 1918 per
481 1872 635 1918 terras,
668 1867 770 1917 quod
802 1868 841 1905 in
873 1866 1030 1905 aethere
1063 1865 1237 1917 Iuppiter
1268 1865 1367 1917 alto,

249 1925 399 1964 Nomen
431 1925 578 1964 habes:
620 1925 822 1963 hominum
852 1930 895 1963 tu
926 1930 1066 1976 pater,
1097 1924 1161 1962 ille
1193 1923 1331 1962 deum.

192 1983 355 2022 Romule
375 2015 386 2036 ,
417 1983 636 2022 concedes:
679 1984 770 2022 facit
800 1983 862 2021 hic
894 1989 960 2021 tua
992 1994 1128 2033 magna
1158 1982 1303 2021 tuendo

250 2041 430 2094 Moenia3
463 2047 505 2081 tu
537 2042 700 2080 dederas
731 2040 982 2080 transilienda
1013 2040 1157 2079 Remo.

110 2107 173 2138 135
193 2100 248 2139 Te
279 2100 414 2139 Tatius
444 2102 630 2152 parvique
663 2099 785 2138 Cures
818 2100 1063 2150 Caeninaque
1095 2099 1240 2138 sensit:

251 2157 333 2196 Hoc
365 2158 462 2197 duce
494 2158 710 2197 Romanum
742 2164 803 2197 est
834 2157 925 2196 solis
957 2164 1168 2208 utrumque
1200 2157 1324 2196 latus.

193 2215 252 2255 Tu
284 2216 400 2254 breve
431 2218 563 2256 nescio
596 2217 689 2268 quid
720 2218 841 2255 victae
874 2215 1026 2255 telluris
1057 2215 1248 2254 habebas:

253 2274 534 2326 Quodcumque
566 2281 626 2314 est
657 2275 732 2314 alto
765 2274 837 2314 sub
870 2274 985 2326 Iove,
1018 2274 1158 2313 Caesar
1189 2273 1327 2312 habet.
