1575 2489
192 64 275 106 184
734 64 796 95 Ex
822 62 979 95 pomo

369 173 658 223 Suppositoque
691 183 845 221 gravem
878 171 1022 209 vertice
1054 175 1184 221 portat
1215 182 1374 221 aquam.

309 231 395 269 Non
428 230 490 268 hic
523 231 738 280 pampineis
772 230 950 267 amicitur
982 228 1126 267 vitibus
1157 228 1311 280 ulmus,

366 287 478 326 Nulla
510 283 693 338 premunt
725 299 852 326 ramos
884 286 1056 337 pondere
1089 298 1201 338 poma
1234 298 1327 326 suo.

246 357 287 386 15
309 347 453 385 Tristia
485 345 679 384 deformes
711 347 869 396 pariunt
901 345 1092 383 absinthia
1124 346 1273 396 campi,
1447 354 1520 386 (102)

367 403 566 454 Terraque
600 403 647 442 de
680 404 812 441 fructu
845 415 960 453 quam
992 405 1041 441 sit
1073 415 1230 454 amara,
1262 402 1398 442 docet.

308 462 370 501 Nil
402 464 521 513 igitur
553 467 634 500 tota
665 461 779 500 Ponti
811 463 968 512 regione
1002 463 1174 512 sinistri,

369 520 481 565 Quod
514 531 598 558 mea
631 520 816 558 sedulitas
849 521 1003 558 mittere
1034 525 1196 571 posset,
1229 525 1335 558 erat.

310 578 447 617 Clausa
479 583 609 616 tamen
642 579 728 616 misi
761 577 940 628 Scythica
972 577 1043 616 tibi
1074 577 1149 616 tela
1181 577 1385 628 pharetra:

246 646 288 676 20
369 636 488 674 Hoste
521 648 661 687 precor
693 637 786 674 fiant
816 635 879 674 illa
911 641 1073 674 cruenta
1105 641 1195 674 tuo.

309 694 388 734 Hos
424 694 540 733 habet
575 694 670 733 haee
707 694 900 745 calamos,
931 693 1002 732 hos
1035 693 1131 732 haec
1167 693 1283 732 habet
1317 705 1383 732 ora

1035 751 1208 790 libellos.

368 811 472 850 Haec
506 813 607 862 viget
638 812 678 849 in
711 812 885 861 nostris,
918 810 1110 861 Maxime,
1143 810 1252 849 Musa
1282 808 1401 848 locis!

310 870 416 915 Quae
445 881 679 920 quamquam
705 871 856 908 misisse
889 869 1034 920 pudet,
1067 870 1156 918 quia
1183 880 1298 919 parva
1324 868 1523 920 videntur,

368 928 427 966 Tu
460 934 588 967 tamen
621 928 746 980 haee,
779 940 922 978 quaeso
942 958 952 978 ‚
985 927 1144 966 consule
1179 928 1294 965 missa
1325 925 1439 964 boni.

779 1055 927 1101 VIIII.

310 1160 420 1206 Quod
455 1162 504 1199 sit
535 1162 574 1199 in
606 1160 666 1198 his
701 1160 833 1199 eadem
867 1160 1089 1211 sententia,
1121 1158 1240 1198 Brute
1260 1189 1271 1210 ‚
1302 1158 1465 1211 libellis,

370 1218 547 1257 Carmina
580 1220 712 1256 nescio
746 1230 862 1269 quem
895 1230 1055 1269 carpere
1089 1224 1222 1257 nostra
1255 1218 1401 1256 refers:

309 1277 370 1316 Nil
404 1279 478 1316 nisi
510 1289 570 1315 me
606 1282 709 1315 terra
742 1277 848 1315 fruar
881 1282 923 1315 ut
955 1278 1138 1328 propiore
1170 1288 1331 1327 rogare,

368 1335 417 1374 Et
450 1347 566 1386 quam
599 1337 670 1373 sim
704 1335 823 1373 denso
858 1336 1009 1374 cinctus
1041 1334 1087 1373 ab
1120 1334 1260 1385 hoste,
1293 1334 1420 1385 loqui.

273 1403 291 1433 5
314 1393 368 1433 O!
403 1406 518 1444 quam
551 1393 598 1431 de
631 1393 763 1432 multis
795 1394 931 1432 vitium
964 1393 1266 1443 reprehenditur
1298 1392 1441 1432 unum!

370 1451 450 1491 Hoc
483 1457 618 1503 peccat
650 1451 775 1490 solum
808 1453 841 1490 si
872 1464 957 1490 mea
988 1451 1097 1490 Musa
1117 1482 1128 1503 ‚
1159 1451 1258 1490 bene
1292 1457 1371 1490 est.

311 1511 396 1562 lpse
430 1523 499 1561 ego
533 1510 722 1548 librorum
754 1509 864 1548 video
897 1509 1037 1548 delicta
1068 1521 1269 1561 meorum,

370 1568 466 1607 Cum
499 1580 567 1607 sua
599 1568 686 1619 plus
718 1570 820 1607 iusto
855 1569 1024 1607 carmina
1057 1569 1222 1618 quisque
1254 1567 1415 1618 probet.

313 1626 476 1677 [Auctor
508 1638 605 1677 opus
638 1626 795 1665 laudat.
852 1628 907 1665 sic
940 1627 1101 1665 forsitan
1135 1627 1274 1677 Agrius
1307 1626 1398 1665 olim

250 1695 291 1724 10
370 1685 578 1723 Thersiten
611 1685 707 1723 facie
740 1685 881 1723 dixerit
913 1696 998 1723 esse
1030 1684 1154 1723 hona.

313 1743 504 1782 Iudicium
534 1750 663 1781 tamen
695 1743 757 1781 hic
790 1749 967 1782 nostrum
999 1755 1077 1781 non
1110 1743 1254 1794 decipit
1285 1755 1418 1783 error:

369 1801 448 1840 Neo
468 1833 478 1852 ,
511 1801 699 1852 quidquid
731 1803 877 1852 genui,
914 1803 1094 1852 protinus
1125 1801 1219 1840 illud
1252 1813 1336 1840 amo
1352 1801 1377 1851 .]

312 1859 390 1899 Cur
422 1861 571 1912 igitur,
603 1861 636 1898 si
669 1871 728 1898 me
761 1860 871 1899 video
904 1859 1131 1910 delinquere
1151 1891 1162 1911 ,
1194 1872 1376 1912 peccem,
1450 1869 1523 1902 (103)

370 1918 418 1957 Et
450 1919 574 1969 patiar
607 1920 752 1969 scripto
786 1920 933 1956 crimen
965 1920 1118 1969 inesse,
1150 1916 1297 1969 rogas?

250 1986 291 2016 15
312 1976 396 2015 Non
431 1977 564 2015 eadem
596 1978 694 2015 ratio
728 1982 815 2028 est,
847 1977 992 2015 sentire
1026 1982 1065 2015 et
1096 1976 1252 2015 demere
1285 1976 1464 2016 morbos.

371 2035 518 2073 Sensus
550 2036 652 2073 inest
685 2037 836 2073 eunctis
855 2066 866 2086 ‚
899 2034 1047 2073 tollitur
1078 2040 1160 2073 arte
1192 2035 1358 2076 malum.

313 2094 435 2144 Saepe
468 2093 623 2143 aliquod
656 2092 816 2132 verbum
849 2094 1010 2144 cupiens
1043 2099 1193 2132 mutare
1224 2093 1388 2146 reliqui,

370 2152 562 2190 Iudicium
594 2152 695 2190 vires
728 2151 1023 2201 destituuntque
1055 2163 1207 2191 meum.

313 2210 435 2261 Saepe
462 2212 630 2261 piget—
656 2209 748 2260 quid
775 2211 877 2248 enim
903 2209 1076 2247 dubitem
1104 2209 1173 2248 tibi
1199 2222 1289 2249 vera
1316 2208 1522 2250 fateri?—

249 2277 290 2308 20
372 2268 578 2320 Corrigere
611 2274 649 2307 et
680 2268 783 2319 longi
815 2268 917 2307 ferre
951 2267 1094 2306 laboris
1126 2280 1248 2308 onuS.
