1575 2489
168 75 255 116 298
708 74 960 106 FASTORUM

197 192 266 223 490
346 183 481 221 Omnia
500 212 510 232 ‚
542 183 616 219 iam
648 180 782 231 vigiles
814 181 1036 218 conticuere
1069 191 1207 218 canes:

287 241 370 279 Alta
401 242 502 278 iacet
532 240 630 277 vasti
661 250 779 288 super
811 250 878 275 ora
909 237 1111 287 Typhoeos
1142 238 1288 287 Aetne,

347 298 465 336 Cuius
497 296 684 335 anhelatis
716 295 871 346 ignibus
903 295 1013 333 ardet
1042 295 1207 346 humus3

287 356 367 394 lllic
400 354 576 393 accendit
607 355 779 404 geminas
810 365 881 404 pro
913 352 1086 403 lampade
1118 354 1256 403 pinus.

344 413 443 451 Hinc
476 412 629 450 Cereris
662 413 782 450 sacris
814 423 919 450 nunc
951 422 1106 461 quoque
1137 410 1248 449 taeda
1279 409 1416 449 datur.

197 481 266 511 495
287 472 357 510 Est
388 482 528 521 specus
561 471 666 508 exesi
697 474 894 508 structura
925 470 1091 519 pumicis
1123 480 1259 519 asper,

345 529 431 567 Non
462 528 611 566 homini
641 529 748 578 regio
767 558 778 578 ‚
810 539 888 565 non
919 527 1094 565 adeunda
1126 527 1252 564 ferae:

289 587 373 633 Quo
407 586 522 625 simul
553 598 597 624 ac
628 587 762 636 venit,
794 586 965 623 frenatos
998 584 1180 623 curribus
1212 595 1358 634 angues

346 645 475 695 Iungit
493 675 504 695 ,
537 650 576 682 et
607 655 817 694 aequoreas
850 645 952 681 sicca
982 647 1159 693 pererrat
1191 654 1331 692 aquas.

289 703 434 753 Effugit
466 708 505 741 et
538 702 670 752 Syrtes
703 707 742 740 et
773 707 810 740 te
830 732 840 751 ,
873 700 1057 739 Zanclaea
1089 699 1324 751 Charybdis,

199 770 267 801 500
346 760 395 799 Et
426 772 493 799 vos
513 792 523 812 ‚
554 760 711 810 Nisaei‚
743 760 928 810 naufraga
959 764 1160 809 monstra,
1194 770 1332 809 canes,

288 819 600 868 Hadriacumque
631 824 768 869 patens
799 817 874 856 late
893 849 903 869 ,
935 817 1201 867 bimaremque
1234 814 1465 854 Corinthon:

348 876 411 915 Sic
442 879 546 915 venit
579 877 624 914 ad
656 882 822 927 porum,
854 876 981 914 Attica
1011 880 1116 913 terra
1135 906 1145 925 ,
1177 881 1289 913 tuOS.

288 935 360 973 Hic
391 937 561 985 primurn
595 934 694 972 sedit
725 933 850 985 gelido
882 934 1139 972 maestissima
1171 944 1284 971 saxo:

346 993 443 1031 Illud.
478 992 713 1043 Cecropidae
744 1004 848 1030 nunc
881 1003 1036 1042 quoque
1068 992 1179 1029 triste
1211 996 1370 1029 vocant.

200 1060 267 1090 505
290 1050 370 1089 Sub
402 1050 490 1089 Iove
523 1051 676 1088 duravit
707 1049 839 1088 multis
871 1051 1017 1088 inmota
1049 1048 1208 1095 diebuS,

347 1108 396 1147 Et
427 1108 540 1146 lunae
572 1110 723 1158 patiens
755 1114 794 1145 et
824 1107 1002 1157 pluvialis
1034 1119 1179 1157 aquae.

289 1166 385 1205 Fors
418 1178 487 1205 sua
519 1167 661 1216 cuique
693 1166 777 1203 loco
810 1171 897 1203 est.
955 1177 1030 1215 quo
1062 1176 1167 1202 nunc
1199 1163 1359 1202 Cerialis

1012 1221 1170 1261 Eleusin

347 1282 497 1321 Dicitur
517 1313 527 1333 ,
558 1281 632 1320 hoc
664 1281 768 1320 Celei
801 1292 891 1320 rura
923 1281 1033 1319 fuere
1066 1282 1191 1319 senis.

289 1341 355 1379 Ille
388 1341 546 1378 domum
578 1339 736 1391 glandes
768 1351 1008 1389 excussaque
1042 1350 1149 1377 mora
1180 1337 1330 1377 rubetis

201 1408 269 1438 510
348 1399 482 1437 Portat
500 1426 509 1445 ,
543 1406 581 1436 et
612 1399 760 1436 arsuris
792 1397 897 1436 arida
927 1397 1031 1448 ligna
1062 1397 1181 1435 focis.

291 1457 385 1495 Filia
417 1469 533 1508 parva
566 1457 660 1495 duas
692 1455 892 1506 redigebat
922 1467 1019 1505 rupe
1052 1454 1240 1506 capellas,

349 1515 398 1553 Et
429 1521 541 1553 tener
573 1516 612 1553 in
646 1516 756 1553 cunis
789 1514 891 1552 filius
923 1525 1038 1564 aeger
1070 1519 1175 1551 erat.

292 1571 434 1611 ‘Mater
452 1570 481 1611 1²
516 1574 568 1611 ait
592 1574 699 1623 virgo
727 1594 771 1599 —
797 1577 898 1610 mota
931 1577 989 1609 est
1020 1570 1091 1609 dea
1122 1572 1277 1609 nomine
1303 1571 1439 1609 matris
1459 1591 1499 1596 —
1538 1602 1541 1605 ,

352 1628 474 1676 eQuid
508 1631 601 1668 facis
633 1632 673 1668 in
705 1629 797 1668 solIs
829 1630 1053 1668 incomitata
1084 1626 1234 1667 locis?'

202 1698 272 1728 515
294 1689 452 1727 Restitit
484 1695 522 1727 et
554 1690 712 1739 senior,
746 1689 919 1739 quamvis
952 1699 1050 1726 onus
1083 1693 1198 1737 urget
1215 1690 1231 1738 ‚⁴
1259 1693 1298 1725 et
1329 1692 1434 1737 orat,

352 1747 470 1785 Tecta
503 1758 594 1785 suae
627 1746 764 1784 subeat
796 1745 1149 1796 quantulacumque
1182 1756 1314 1783 casae.

293 1805 358 1844 Illa
390 1810 533 1855 negat.
591 1804 792 1843 simularat
823 1816 939 1842 anum
958 1835 968 1855 ‚
1000 1805 1193 1854 mitraque
1226 1802 1382 1854 capillos

351 1863 583 1902 Presserat.
638 1864 799 1901 instanti
830 1862 918 1901 talia
950 1861 1053 1900 dicta
1084 1862 1228 1900 refert:

295 1918 460 1972 eSospes
487 1932 551 1959 eas
569 1952 579 1972 ,
611 1932 844 1971 semperque
870 1919 1038 1972 parens!
1070 1919 1164 1958 mihi
1189 1919 1266 1957 filia
1290 1924 1399 1970 rapta
1425 1923 1504 1957 est.

205 1988 273 2019 520
354 1978 467 2018 Heu!
499 1979 636 2018 melior
670 1984 813 2029 quanto
847 1990 932 2017 sors
964 1984 1030 2016 tua
1062 1983 1167 2016 sorte
1198 1989 1284 2015 mea
1315 1973 1419 2015 est.'

295 2037 428 2088 Dixit,
461 2043 499 2076 et
531 2043 575 2076 ut
605 2037 785 2075 lacrimae
817 2058 863 2064 —
893 2048 1022 2087 neque
1055 2037 1157 2074 enim
1189 2035 1392 2074 lacrimare

1020 2093 1183 2132 deorum
1214 2101 1274 2132 est
1305 2115 1348 2120 —

354 2153 505 2192 Decidit
535 2155 575 2192 in
607 2153 759 2204 tepidos
791 2152 918 2192 lucida
949 2157 1057 2203 gutta
1088 2153 1220 2190 sinus.

296 2211 408 2250 Flent
439 2213 585 2262 pariter
617 2211 752 2250 molles
785 2213 922 2250 animis
954 2212 1140 2261 virgoque
1173 2221 1392 2261 senexque3

354 2269 384 2307 E
418 2269 561 2320 quibus
592 2269 687 2308 haec
719 2271 813 2309 iusti
844 2268 961 2307 verba
993 2269 1102 2307 suere
1137 2269 1263 2307 senis:
