1575 2489
195 79 250 120 06
703 76 955 109 FAsToncM

340 186 389 224 Et
420 185 568 223 valeant
599 184 762 235 vigiles,
794 183 951 234 provida
983 182 1097 221 turba
1114 213 1125 234 ,
1158 195 1295 221 canes.

197 253 261 283 765
281 243 384 282 Neve
416 245 545 281 miuus
577 242 719 280 multos
751 242 922 291 redigam
941 271 951 291 ,
984 252 1097 291 quam
1129 252 1240 279 mane
1271 241 1455 289 fuerunt,

340 300 444 338 Neve
477 312 626 350 gemam
658 299 832 337 referens
864 298 1004 336 vellera
1034 303 1143 349 rapta
1173 298 1264 349 lupo

283 359 392 397 Absit
422 360 556 408 iniqua
588 358 737 396 sames:
779 356 923 395 herbae
955 356 1190 406 frondesque
1223 357 1444 407 supersint,

343 416 527 466 Quaeque
559 415 687 453 lavent
719 420 826 453 artus
845 446 855 466 ,
894 426 1068 465 quaeque
1100 414 1311 465 bibantur,
1346 424 1468 464 aquae

283 474 410 513 Ubera
442 474 554 524 plena
585 485 758 524 premam
777 504 788 524 ,
819 473 964 510 referat
994 472 1088 510 mihi
1120 484 1255 510 caseus
1287 484 1397 523 aera,

198 542 264 572 770
343 532 519 582 Dentque
552 533 650 569 viam
681 530 826 581 liquido
859 532 999 568 vimina
1029 542 1116 568 rara
1147 542 1258 568 sero.

285 590 420 640 Sitque
454 589 556 627 salax
589 591 718 640 aries,
751 595 1014 638 conceptaque
1047 589 1193 626 semina
1225 589 1392 625 coniunx

342 648 518 698 Reddat,
551 654 589 685 et
620 649 659 684 in
692 647 842 685 stabulo
876 646 994 684 multa
1027 647 1077 684 sit
1107 657 1202 695 agna
1234 657 1343 684 meo,

286 707 467 756 Lanaque
500 707 699 755 proveniat
730 705 853 743 nullas
885 704 1037 742 laesura
1067 703 1236 754 puellas,

343 764 466 801 Mollis
499 769 537 801 et
569 763 614 801 ad
646 769 801 801 teneras
833 761 1045 813 quamlibet
1075 768 1162 811 apta
1193 772 1352 799 manus.

199 832 264 862 775
287 822 391 867 Quae
424 834 593 872 precor,
626 822 832 872 eveniant,
871 826 908 858 et
945 832 1015 858 nos
1055 820 1240 857 faciamus
1272 819 1319 857 ad
1351 830 1492 856 annum

344 880 549 917 Pastorum
581 879 757 916 dominae
789 878 948 929 grandia
979 877 1055 916 liba
1087 877 1165 915 Pali
1201 874 1215 884 ⁴

287 937 355 975 His
387 937 457 975 dea
488 937 672 987 placanda
705 943 792 974 est:
832 936 927 974 haec
959 942 1001 974 tu
1034 947 1245 973 conversus
1277 934 1323 972 ad
1355 941 1466 973 ortus

345 995 413 1033 Dio
446 1002 610 1046 quater,
643 1001 681 1032 et
712 996 795 1032 vivo
827 994 960 1044 perlue
992 1006 1081 1031 rore
1113 1005 1271 1031 manus.

288 1053 386 1091 Tun]
418 1053 508 1090 licet
539 1053 734 1103 adposita,
767 1052 885 1090 veluti
917 1058 1091 1102 cratere,
1129 1050 1286 1089 camella

203 1120 268 1151 780
346 1110 422 1148 Lao
455 1112 609 1148 niveum
641 1116 752 1160 potes
783 1121 1097 1160 purpureamque
1130 1120 1285 1159 sapam:

288 1169 452 1218 Moxque
484 1180 553 1219 per
585 1169 764 1206 ardentes
797 1167 960 1217 stipulae
993 1168 1219 1217 crepitantis
1251 1178 1410 1204 acervos

347 1226 518 1264 Traicias
551 1225 670 1264 celeri
702 1231 860 1264 strenua
891 1224 1065 1263 membra
1095 1224 1217 1274 pede.

288 1285 497 1334 Expositus
530 1296 613 1322 mos
646 1289 732 1322 est.
790 1285 908 1321 moris
940 1283 1034 1320 1111111
1066 1287 1188 1320 restat
1219 1283 1348 1333 origo.

346 1342 475 1380 Turba
507 1343 597 1380 facit
629 1341 819 1392 dubium,
852 1346 1065 1392 coeptaque
1097 1347 1230 1378 nostra
1261 1346 1388 1378 tenet.

203 1410 266 1440 785
289 1400 425 1439 Omnia
457 1406 597 1451 purgat
629 1400 724 1438 edax
755 1401 854 1450 ignis
873 1431 883 1450 ,
916 1401 1128 1449 vitiumque
1161 1398 1324 1436 metallis

346 1458 566 1508 Excoquit:
610 1458 756 1496 idcirco
789 1469 877 1495 cum
909 1457 1006 1495 (luce
1038 1462 1179 1507 purgat
1211 1454 1326 1494 ovis?

288 1518 344 1555 An
364 1548 374 1567 ‚
408 1519 497 1566 quia
529 1522 757 1554 cunctarum
790 1517 983 1553 contraria
1016 1516 1162 1553 semina
1193 1526 1326 1552 rerum

349 1574 448 1612 Sunt
480 1575 555 1612 duo
588 1574 787 1612 discordes
806 1604 816 1623 ,
847 1575 947 1623 ignis
979 1578 1017 1611 et
1048 1573 1177 1623 unda,
1210 1572 1295 1622 dei,

290 1632 505 1671 Iunxerunt
537 1631 727 1670 elementa
758 1637 918 1682 patres,
954 1637 1163 1681 aptumque
1195 1637 1383 1680 putarunt

204 1699 269 1730 790
349 1690 507 1740 Ignibus
540 1696 576 1728 et
609 1702 740 1739 sparsa
773 1695 931 1738 tangere
965 1700 1106 1739 corpus
1139 1686 1270 1738 aqua?

291 1750 373 1798 An,
407 1748 509 1798 quod
541 1749 580 1785 in
606 1748 666 1785 his
692 1749 792 1785 vitae
819 1759 933 1785 causa
960 1754 1043 1796 est,
1077 1746 1172 1784 haec
1198 1746 1367 1796 perdidit
1393 1745 1503 1797 exul,

350 1805 417 1844 His
451 1818 547 1844 nova
578 1806 620 1844 fit
652 1807 821 1843 coniunx
840 1836 850 1856 ,
882 1805 977 1843 haec
1010 1804 1085 1842 duo
1119 1816 1253 1854 magna
1284 1802 1454 1854 putant?

292 1864 359 1902 Vix
393 1864 571 1914 equidem
605 1863 750 1914 credo3
783 1869 874 1901 sunt
906 1864 974 1913 qui
1004 1862 1244 1900 Phaethonta
1275 1862 1414 1900 referri

352 1922 519 1961 Credant
551 1927 589 1960 et
620 1923 758 1959 nimias
791 1921 1035 1959 Deucalionis
1067 1932 1207 1970 aquas.

206 1989 271 2020 795
293 1980 387 2018 Pars
420 1992 604 2031 quoque,
637 1991 726 2018 cum
759 1980 860 2017 saxis
892 1984 1067 2029 pastores
1100 1990 1188 2015 saxa
1220 1977 1409 2030 feribant,

353 2038 566 2076 Scintillam
599 2037 726 2077 subito
758 2037 986 2088 prosiluisse
1018 2036 1171 2074 ferunt:

293 2096 421 2134 Prima
454 2096 609 2147 quidem
641 2096 785 2146 periit,
819 2094 972 2144 stipulis
1005 2099 1164 2144 excepta
1196 2094 1367 2132 secunda
1399 2098 1481 2132 est.

352 2154 433 2192 Hoc
466 2160 738 2204 argumentum
769 2153 920 2191 flamma
951 2151 1088 2189 Parilis
1120 2149 1270 2190 habet?

294 2214 351 2250 An
385 2213 504 2262 magis
536 2212 640 2250 hunc
671 2223 819 2249 morem
852 2212 973 2261 pietas
1005 2210 1148 2247 Aeneia
1181 2210 1296 2261 fecit,

207 2279 274 2309 800
353 2269 568 2308 Innocuum
600 2271 701 2308 victo
734 2271 798 2307 cui
830 2267 934 2307 dedit
965 2269 1066 2318 ignis
1097 2265 1207 2306 iter‘?
