1575 2489
206 90 288 130 110
796 90 940 122 1131D1s

233 206 299 236 245
319 198 369 236 Et
400 210 449 235 ne
480 197 592 246 longa
625 209 695 235 suo
727 198 926 247 praesagia
957 196 1104 235 diceret
1135 208 1226 247 ore,

382 253 425 292 ‘F
429 260 488 292 ata
520 261 631 293 canet
663 259 768 292 vates
800 255 867 305 qui
897 251 991 306 tua',
1022 254 1117 292 dixit
1149 251 1276 293 ‘eritf

319 313 385 351 Ille
419 324 488 362 ego
521 324 608 350 sum
638 317 744 350 vates
764 341 773 350 .
823 323 868 350 ex
900 323 961 350 me
993 317 1058 350 tua
1089 311 1249 350 vulnera
1280 310 1429 363 disces,

378 369 478 407 Dent
508 369 622 408 modo
655 369 694 407 di
724 370 827 407 vires
859 371 899 407 in
930 380 1016 407 mea
1046 369 1163 407 verba
1195 380 1307 420 suaS‚

320 426 641 477 Carminibusque
675 428 771 465 meis
804 426 989 465 accedant
1018 427 1191 478 pondera
1221 438 1376 477 rerum,

234 494 300 525 250
380 485 486 530 Quae
518 490 599 522 rata
630 496 701 535 per
732 484 861 523 luctus
895 486 1094 535 experiare
1125 490 1236 522 tuos.

317 542 421 581 Neve
453 544 536 580 sine
569 541 755 592 exemplis
785 543 869 580 aevi
900 544 1075 580 cruciere
1106 543 1272 593 prioris,

379 600 463 638 Sint
494 606 560 638 tua
592 599 770 638 Troianis
801 611 881 638 non
910 599 1056 638 leviora
1086 599 1218 638 malis.

320 658 546 708 Quantaque
580 657 762 708 clavigeri
792 657 1000 696 Poeantius
1032 657 1210 696 Herculis
1241 657 1380 709 heres,

376 716 496 754 Tanta
527 721 715 754 venenato
747 715 907 753 vulnera
939 726 1053 754 crure
1085 727 1219 765 geras.

232 782 298 813 255
319 773 397 812 Nee
431 774 553 812 levius
586 773 716 811 doleas
735 805 745 825 ,
779 785 893 823 quam
925 774 992 824 qui
1023 772 1121 811 bibit
1152 772 1272 811 ubera
1304 783 1463 825 cervae,

377 832 600 881 Armatique
633 831 722 869 tulit
751 830 892 869 vulnus
911 861 922 882 ‚
954 832 1114 869 inermis
1146 842 1281 881 opem.

320 889 471 939 Quique
504 888 550 927 ab
583 901 682 939 equo
714 900 902 940 praeceps
934 890 974 926 in
1005 888 1111 927 Aleia
1143 887 1287 926 decidit
1317 899 1427 940 arva,

379 947 505 985 Exitio
538 947 656 985 facies
689 948 753 985 cuj
784 958 853 985 sua
884 958 1006 996 paene
1039 946 1133 984 fuit.

318 1004 382 1056 Id,
414 1004 517 1055 quod
543 1004 839 1057 Amyntorides,
864 1003 1017 1055 videas,
1049 1003 1323 1054 trepidumque
1349 1004 1527 1042 ministro

232 1071 297 1102 260
376 1062 642 1113 Praetemptes
674 1061 810 1101 baculo
842 1061 1001 1100 luminis
1034 1061 1152 1100 orbus
1183 1063 1281 1100 iter.

318 1120 397 1158 Nec
430 1119 517 1171 plus
550 1121 742 1172 aspicias,
775 1131 889 1170 quam
922 1131 1038 1169 quem
1070 1131 1139 1157 sua
1169 1119 1246 1158 filia
1276 1121 1399 1170 rexit,

377 1177 571 1228 Expertus
603 1177 730 1216 scelus
763 1183 822 1216 est
854 1177 966 1215 cuius
997 1182 1163 1227 uterque
1195 1188 1360 1227 parens:

319 1235 450 1280 Qualis
482 1241 593 1286 erat,
625 1242 831 1286 postquam
863 1240 922 1273 est
952 1234 1069 1273 iudex
1101 1235 1148 1273 de
1179 1234 1245 1273 lite
1276 1236 1407 1274 iocosa

379 1293 564 1344 Sumptus
583 1325 593 1344 ,
625 1293 823 1343 Apollinea
855 1292 983 1331 clarus
1014 1294 1055 1331 in
1086 1298 1169 1331 arte
1201 1304 1342 1332 senex:

233 1360 298 1392 265
320 1351 451 1397 Qualis
484 1357 522 1390 et
553 1351 616 1389 ille
649 1352 750 1402 fuit,
784 1363 860 1401 quo
892 1352 1155 1401 praecipiente
1188 1350 1366 1389 columba
1471 1358 1527 1392 (13)

377 1409 447 1447 Est
479 1409 566 1447 data
597 1408 786 1447 Palladiae
818 1410 974 1459 praevia
1005 1408 1161 1459 duxque
1192 1410 1290 1447 rati:

319 1467 471 1517 Quique
505 1467 627 1513 oculis
660 1468 807 1518 caruit,
837 1478 908 1517 per
940 1478 1038 1516 quos
1063 1466 1160 1505 male
1187 1466 1336 1505 viderat
1367 1478 1526 1518 aurum,

376 1524 538 1563 Inferias
570 1530 659 1563 nato
693 1536 789 1575 quos
822 1523 929 1562 dedit
959 1523 1053 1562 orba
1083 1536 1248 1574 parens:

318 1583 455 1621 Pastor
488 1588 530 1621 ut
561 1583 756 1621 Aetnaeus
775 1613 785 1633 ,
818 1583 881 1620 cui
913 1593 1026 1620 casus
1058 1588 1146 1620 ante
1179 1582 1332 1621 futuros

231 1649 297 1680 270
376 1640 557 1678 Telemus
589 1639 820 1691 Eurymides
852 1641 1084 1678 vaticinatus
1117 1645 1221 1679 erat:

316 1698 367 1737 Ut
398 1699 473 1736 duo
506 1697 722 1749 Phinidae,
756 1697 898 1748 quibus
930 1697 1033 1736 idem
1065 1698 1195 1736 lumen
1228 1697 1393 1749 ademit,

376 1755 450 1800 Qui
482 1755 609 1794 dedit:
640 1762 684 1795 ut
715 1755 928 1806 Thamyrae
960 1755 1245 1806 Demodocique
1278 1761 1416 1806 caput.

318 1814 381 1853 Sic
414 1814 550 1864 aliquis
581 1819 647 1852 tua
679 1813 852 1852 membra
884 1820 1018 1864 secet,
1052 1813 1243 1852 Saturnus
1274 1819 1318 1853 ut
1348 1813 1432 1852 illas

376 1871 584 1910 Subsecuit
615 1877 775 1923 partes,
808 1871 910 1910 unde
944 1877 1098 1910 creatus
1130 1877 1234 1910 erat.

231 1939 297 1969 275
317 1930 397 1968 Nec
429 1928 501 1968 tibi
531 1931 581 1968 sit
611 1929 748 1968 melior
779 1929 937 1968 tumidis
970 1928 1174 1980 Neptunus
1205 1931 1245 1967 in
1277 1928 1415 1981 undis,

376 1987 498 2032 Quam
531 1989 594 2026 cui
625 1993 717 2026 sunt
748 1986 896 2026 subitae
929 1988 1048 2026 frater
1081 1993 1119 2025 et
1149 1998 1246 2026 uxor
1279 1998 1391 2038 aves3

319 2045 553 2096 Sollertique
585 2047 667 2084 vir0
687 2077 697 2097 ,
730 2044 880 2083 lacerae
913 2057 1028 2095 quem
1060 2045 1181 2083 fracta
1211 2050 1410 2084 tenentem

375 2103 548 2142 Membra
579 2105 672 2142 ratis
705 2102 876 2141 Semeles
909 2109 967 2141 est
998 2104 1180 2141 miserata
1211 2114 1344 2141 soror.

316 2161 385 2200 Vel
417 2168 481 2200 tua
501 2193 512 2213 ‚
543 2174 591 2200 ne
624 2173 771 2212 poenae
803 2173 925 2211 genus
957 2160 1030 2199 hoc
1063 2162 1288 2211 cognoverit
1319 2172 1444 2213 unUS,

230 2227 297 2259 280
375 2219 532 2258 Viscera
564 2219 726 2258 diversis
759 2221 877 2258 scissa
909 2219 1082 2258 serantur
1115 2220 1248 2270 equis:

320 2277 383 2315 Vel
417 2289 513 2328 quae
547 2279 613 2328 qui
645 2277 791 2317 redemi
823 2276 994 2316 Romano
1027 2284 1140 2327 turpe
1172 2277 1341 2329 putavit,
