1601 2484
530 56 595 88 111.
621 63 648 88 x
667 57 804 88 50-x1
824 58 878 88 40.
1315 54 1341 93 5

1345 54 1372 92 Ul

116 172 137 203 5
159 165 254 210 Quis
286 163 428 214 gradus
460 163 651 215 ulterior,
684 175 760 213 quo
793 175 834 202 se
867 169 932 202 tua
963 164 1137 214 porrigat
1169 164 1248 214 ira,

158 220 332 260 Restat?
376 221 516 271 quidve
548 223 645 259 meis
677 223 805 260 cernis
838 221 972 260 abesse
1006 219 1150 260 malis‘?

157 280 325 319 Barbara
356 291 418 317 me
451 279 565 317 tellus
597 285 636 318 et
666 279 861 330 inhospita
892 280 1005 318 litora
1037 279 1150 319 Ponti

158 338 332 388 Cumque
366 349 435 376 suo
467 337 585 375 borea
611 337 794 376 Maenalis
826 350 917 376 ursa
947 338 1074 376 videt.

157 396 268 435 Nulla
300 395 394 434 mihi
426 408 515 434 cum
546 401 660 446 gente
694 396 774 434 fera
807 398 1038 435 commercia
1069 396 1247 448 linguae:

97 464 139 493 10
161 455 298 493 Omnia
329 453 484 492 solliciti
516 459 607 492 sunt
638 453 721 492 loca
752 454 864 504 plena
897 460 1047 494 metus.

159 513 284 563 thue
316 512 430 563 fugax
464 512 583 550 avidis
617 524 755 550 cervus
788 513 1005 563 deprensus
1038 512 1083 551 ab
1116 514 1244 564 ursis,

159 571 370 621 Cinctaque
404 572 597 608 montanis
629 577 673 608 ut
705 578 817 621 pavet
848 584 943 622 agna
975 571 1102 621 lupis,

159 629 223 667 Sic
255 641 325 680 ego
357 628 554 679 belligeris
586 641 607 666 a
638 629 819 679 gentibus
853 629 1024 679 undique
1057 633 1214 679 saeptus

158 687 327 726 Terreor
346 718 357 738 ‚
388 687 499 725 hoste
531 699 662 725 meum
694 700 814 738 paene
847 692 1049 738 premente
1081 687 1205 725 latus.

96 754 138 783 15
159 745 285 796 thue
318 747 368 784 sit
399 746 583 795 exiguum
615 757 762 795 poenae
782 777 792 796 ,
825 745 927 796 quod
960 747 1124 795 coniuge
1158 757 1268 797 cara,

160 803 270 849 Quod
302 804 426 854 patria
458 815 570 841 careo
602 803 909 854 pignoribusque
942 805 1063 855 meis,

160 862 209 900 Ut
239 861 336 900 mala
368 861 472 900 nulla
505 861 627 899 feram
658 862 734 899 nisi
765 862 909 900 nudam
941 861 1116 900 Caesaris
1148 863 1267 912 iram,

158 919 268 958 Nuda
300 931 439 970 parum
470 919 583 957 nobis
616 918 792 958 Caesaris
824 921 881 958 ira
914 920 1003 958 mali
1035 917 1129 958 est?

159 978 207 1016 Et
238 983 367 1016 tamen
400 983 459 1016 est
491 977 630 1028 aliquis
649 1008 660 1029 ‚
693 980 760 1028 qui
791 978 950 1016 vulnera
984 978 1104 1017 cruda
1136 982 1346 1029 retractet,

95 1044 139 1075 20
161 1036 290 1075 Solvat
321 1042 360 1074 et
390 1037 429 1074 in
463 1047 590 1074 mores
623 1048 690 1074 ora
722 1036 867 1075 diserta
898 1034 1042 1075 meos?

160 1094 202 1133 In
235 1106 351 1133 causa
382 1094 484 1132 sacili
516 1095 638 1132 cuivis
670 1095 762 1133 licet
794 1107 879 1134 esse
912 1095 1126 1147 disertum,

161 1153 209 1192 Et
240 1154 421 1191 minimae
453 1153 556 1190 vires
588 1152 768 1203 frangere
802 1165 942 1204 quassa
974 1153 1123 1192 valent.

163 1210 362 1249 Subruere
395 1215 453 1248 est
485 1222 595 1248 arces
627 1216 665 1249 et
697 1213 837 1250 stantia
870 1213 1020 1250 moenIa
1053 1213 1200 1263 virtus;

163 1268 383 1314 Quamlibet
413 1269 539 1319 ignavi
570 1271 822 1319 praecipitata
853 1276 1059 1320 premunt.

97 1335 140 1365 25
161 1327 247 1365 Non
286 1338 371 1365 sum
404 1338 473 1377 ego
513 1326 616 1377 quod
655 1327 832 1367 fueram.
884 1328 977 1378 quid
1015 1330 1170 1366 inanem
1207 1329 1378 1378 proteris

739 1384 952 1425 umbram?

162 1443 263 1488 Quid
295 1445 467 1483 cinerem
499 1446 601 1483 saxis
633 1444 824 1494 bustaque
858 1450 991 1483 nostra
1023 1442 1158 1495 petis?

159 1501 304 1540 Hector
337 1509 420 1541 erat
450 1507 543 1541 tunc
562 1533 573 1554 ‚
607 1514 696 1540 cum
726 1502 828 1540 bello
861 1502 1063 1554 certabat3
1095 1508 1133 1541 at
1163 1503 1266 1542 idem

160 1559 321 1599 Vinctus
354 1561 400 1599 ad
432 1560 664 1599 Haemonios
697 1572 774 1599 non
807 1566 890 1599 erat
921 1560 1066 1599 Hector
1098 1573 1242 1612 equos.

160 1617 219 1656 Me
254 1631 438 1670 quoque,
477 1631 593 1669 quem
625 1631 740 1657 noras
772 1619 894 1671 olim,
930 1631 1009 1658 non
1042 1631 1127 1658 esse
1161 1625 1378 1659 memento:

96 1684 142 1715 30
163 1675 220 1714 Ex
250 1677 315 1715 illo
348 1683 535 1728 superant
565 1677 660 1716 haec
693 1677 899 1716 simulacra
931 1679 1038 1717 viro.

162 1734 264 1780 Quid
297 1736 531 1788 simulacra,
564 1736 673 1774 ferox
693 1766 703 1786 ‚
736 1736 850 1774 dictis
883 1737 1048 1774 incessis
1080 1734 1256 1775 amaris?

161 1793 280 1832 Parce
300 1825 310 1845 ‚
342 1806 511 1846 precor,
542 1806 676 1832 manes
709 1794 919 1833 sollicitare
951 1794 1085 1834 meos!

163 1851 299 1890 Omnia
332 1864 420 1890 vera
452 1858 545 1903 puta
577 1865 661 1891 mea
693 1855 885 1904 crimina,
917 1853 972 1891 nil
1003 1855 1053 1892 sit
1084 1855 1125 1891 in
1157 1853 1254 1905 illis,

162 1909 273 1955 Quod
304 1912 427 1960 magis
459 1923 632 1949 errorem
665 1923 781 1962 quam
813 1911 941 1950 scelus
973 1924 1058 1950 esse
1091 1917 1232 1962 putes:

96 1975 141 2006 35
161 1967 370 2007 Pendimus
398 1981 447 2007 en
472 1970 628 2020 profugi
654 1991 703 1996 —
728 1971 824 2008 satia
851 1975 918 2008 tua
942 1969 1131 2020 pectora!
1153 1992 1207 1997 —-
1234 1983 1379 2021 poenas

161 2025 365 2077 Exilioque
397 2039 534 2078 graves
567 2027 750 2079 exiliique
783 2028 891 2067 loco.

162 2084 343 2124 Carnifici
374 2086 530 2125 fortuna
561 2092 691 2137 potest
723 2099 807 2125 mea
838 2087 964 2125 flenda
999 2087 1144 2127 videri:

162 2142 211 2181 Et
241 2148 370 2182 tamen
403 2150 462 2183 est
493 2157 571 2183 uno
603 2145 732 2183 iudice
764 2157 892 2184 mersa
923 2144 1084 2196 parum!

164 2201 323 2240 Saevior
355 2214 396 2240 es
428 2204 531 2241 tristi
563 2202 772 2255 Busiride,
805 2205 954 2242 saevior
987 2203 1074 2255 illo,

96 2267 141 2298 40
163 2259 238 2305 Qui
270 2259 410 2299 falsum
441 2260 546 2300 lento
580 2263 723 2300 torruit
755 2263 843 2313 igne
876 2262 1039 2313 bovem,
