1601 2484
127 77 176 112 VI

125 189 239 224 terna
275 186 495 236 minimum,
538 201 574 236 p.
615 190 693 225 121
733 200 884 227 novem.
955 188 1210 226 revincuntur
1252 199 1297 224 ea
1338 187 1451 225 facile

126 245 256 282 omnia
302 245 447 282 saeculi
489 257 546 283 ΧΠ
589 246 716 294 libris,
760 246 842 295 qui,
894 245 995 295 quod
1042 258 1111 284 nec
1162 245 1259 283 alias
1307 257 1451 293 rarum⁷

125 302 302 351 plerique
345 315 422 340 non
458 303 633 352 vulgaris
672 306 762 341 sunt
800 304 1017 351 commatis,
1061 315 1131 341 nec
1168 304 1228 341 sui
1264 303 1452 351 temporis

127 359 284 408 quidem
314 361 447 398 naevis
480 360 758 399 deformantur.
831 373 968 399 versus
999 361 1142 410 integri
1174 363 1243 398 aut
1274 360 1451 409 disticha,

127 430 228 466 quae
263 418 305 455 in
335 418 463 455 Fastis
494 419 742 467 repudiandi,
780 425 849 457 aut
885 422 976 457 sunt
1012 419 1277 468 antiquiorum
1308 431 1450 468 appen-

127 476 241 524 dices,
273 476 318 512 ut
342 476 383 513 II
409 477 504 525 202,
536 478 605 514 aut
629 478 715 526 ipsa
743 477 861 526 paulo
888 480 979 515 sunt
1004 477 1234 525 antiquiora,
1267 478 1311 514 ut
1335 489 1450 525 quae-

128 533 217 570 dam
248 533 340 571 libri
370 533 437 571 VI.
510 534 608 572 nihil
640 535 686 572 de
717 535 785 573 illo
816 547 957 584 genere
987 535 1316 584 interpolationis,
1355 546 1452 583 quae

128 592 293 629 saeculis
329 604 387 629 ΧΠ
424 594 463 630 et
500 604 541 629 xl
577 594 815 641 importuna,
854 593 1084 641 deliberata,
1122 592 1304 640 pervicax
1342 604 1451 641 gras-

129 651 216 687 sata
253 651 330 698 est,
362 650 598 699 scholarum,
637 653 682 688 ut
718 651 889 699 videtur,
920 651 1055 688 usibus
1089 650 1227 688 affinis.
1299 652 1452 687 mutan-

127 709 193 744 tur
225 719 324 756 quae
345 708 569 756 scrupulum
594 709 815 757 iniciebant,
846 710 891 746 ut
916 709 1008 747 Met.
1033 708 1110 745 VII
1136 710 1217 746 636
1240 708 1338 745 VIII
1358 710 1452 756 237,

127 765 354 803 inseruntur
390 778 527 804 versus
568 767 902 816 interpretationis
943 769 1012 804 aut
1043 766 1288 804 exercitionis
1327 778 1453 814 eausa⁷

127 835 223 871 quos
254 823 399 861 ibidem
418 824 506 872 plus
537 824 678 874 viginti
709 825 847 863 codicis
867 825 907 861 M
927 824 1151 863 testimonio
1172 824 1318 872 expuli;
1349 824 1451 872 peri-

127 881 290 929 phrases
316 894 499 920 versuum
525 883 779 931 pauculorum
804 882 964 921 mirifice
991 884 1216 920 excrescunt
1235 881 1334 919 VIII
1356 883 1450 929 596,

130 940 224 986 655,
259 941 353 979 696.
413 940 553 978 leviter
578 941 672 979 haec
697 942 926 990 praevalent
951 941 988 978 in
1016 940 1204 989 pericopis
1230 940 1454 977 fabularum

129 997 270 1035 scholis
296 997 502 1046 aptiorum,
530 999 597 1036 sed
621 1001 705 1037 toto
726 1011 884 1048 corpore
903 998 1170 1037 inveniuntur:
1196 999 1310 1046 putes
1341 998 1454 1047 prod-

128 1055 206 1092 isse
243 1067 262 1092 e
300 1068 435 1093 museo
473 1057 616 1094 veteris
655 1057 818 1095 alicuius
856 1058 1076 1095 scholarum
1112 1056 1285 1105 patroni,
1329 1056 1454 1104 qualis

127 1113 194 1150 ille
225 1113 537 1163 Erchenbaldus,
576 1115 643 1163 qui
678 1136 724 1142 —
761 1116 934 1154 ecclesiae
963 1116 1125 1154 Iozclz'tzcs
1156 1117 1310 1153 antistes
1341 1115 1455 1152 libros

121 1172 333 1219 perleyerctt
374 1184 517 1221 omnes,
559 1173 670 1211 Inter
709 1185 802 1220 quos
840 1175 955 1211 isium
995 1194 1044 1199 —
1084 1174 1248 1211 libellum
1285 1172 1457 1210 Correxit

121 1241 194 1276 per
218 1241 257 1267 sc
281 1228 440 1268 studiosi
466 1231 649 1278 cloymatz's
674 1234 766 1279 arte,
792 1231 913 1269 Falsa
938 1234 1044 1269 catus
1068 1231 1207 1268 radens
1233 1233 1265 1268 et
1289 1241 1456 1278 conyrua

128 1288 299 1325 sensibus
342 1289 493 1326 addens.
568 1289 634 1326 ille
683 1288 840 1337 quidem
883 1289 1036 1327 saeculo
1081 1288 1228 1326 decimo
1272 1290 1453 1326 exeunte:

128 1345 195 1383 sed
232 1348 364 1383 tamen
400 1346 448 1383 ab
486 1345 689 1384 undecimo
729 1347 1051 1395 interpolationes
1088 1346 1248 1383 Pindari
1280 1346 1456 1383 Thebani

128 1403 371 1452 aliorumque
402 1407 627 1452 poematum
658 1405 784 1453 repeti
814 1405 938 1453 video,
970 1406 1054 1453 ipse
1086 1404 1207 1442 codex
1230 1403 1348 1442 Laur.
1375 1405 1451 1441 Me-

127 1464 219 1499 tam.
252 1461 317 1498 vix
347 1462 556 1511 recentior;
587 1465 691 1501 certe
718 1463 950 1500 Ursinianus
975 1463 1196 1510 Fastorum,
1228 1462 1295 1511 qui
1320 1462 1455 1500 eadem

128 1519 326 1569 farragine
365 1520 613 1568 scholastica,
651 1521 766 1569 paulo
805 1533 922 1569 quam
958 1520 998 1558 in
1029 1520 1145 1558 Laur.
1187 1522 1225 1558 et
1257 1520 1337 1558 Erf.
1370 1532 1453 1558 0111-

129 1577 252 1625 (11010,
291 1579 470 1626 oppletus
509 1580 584 1626 est,
622 1578 780 1616 ineunte
818 1591 915 1616 saec.
946 1587 994 1616 XI
1033 1579 1199 1627 scriptus
1236 1578 1453 1616 videbatur.

128 1636 249 1673 habet
278 1636 428 1684 primus
460 1636 653 1674 distichon
684 1649 729 1674 ea
760 1639 887 1675 aetate
921 1637 1082 1686 dignum
1109 1636 1165 1673 VI
1188 1638 1267 1675 739
1304 1638 1388 1675 740
1415 1639 1455 1674 et

128 1693 207 1731 tria
238 1693 294 1731 VI
316 1696 399 1732 270
431 1694 480 1732 ad
514 1696 614 1743 276,
648 1707 746 1744 quae
777 1695 910 1745 magni
941 1695 1147 1733 interforet
1180 1694 1286 1742 sciri,
1318 1698 1453 1743 potue-

128 1752 259 1789 rintne
308 1754 403 1790 tunc
444 1753 632 1801 temporis
681 1753 730 1790 ab
780 1753 935 1791 homine
984 1753 1096 1791 docto
1139 1752 1393 1790 Benedictino
1435 1765 1454 1790 e

128 1809 334 1848 Lactantio
372 1810 558 1860 confingi3
597 1811 629 1849 si
665 1813 898 1860 potuerunt,
940 1823 1011 1850 nec
1048 1811 1125 1849 alia
1162 1810 1371 1849 Fastorum
1415 1814 1455 1848 et

130 1867 383 1906 Ponticorum
413 1868 461 1906 ad
495 1881 593 1907 saec.
625 1882 667 1907 VI
697 1869 837 1907 referri
866 1881 1024 1908 necesse
1055 1868 1185 1907 fuerit.

248 1926 401 1964 Saeculi
426 1936 457 1964 X
488 1927 676 1965 habemus
709 1927 854 1965 librum
885 1928 1144 1966 Petavianum
1170 1927 1378 1965 Fastorum
1404 1929 1453 1975 et,

129 1987 319 2033 quantum
350 1987 463 2034 puto,
500 1985 841 2034 Hamburgensem
871 1986 1140 2034 Ponticorum,
1172 1986 1315 2034 quippe
1346 1985 1454 2023 cuius

129 2043 325 2093 scriptura
360 2043 475 2091 plane
507 2056 594 2081 cum
625 2043 781 2082 Horatii
812 2043 1099 2082 Orellianorum
1130 2055 1206 2082 uno
1239 2044 1453 2092 conveniat,

127 2113 197 2139 nec
228 2113 251 2139 3
282 2101 468 2139 Thuaneo
501 2102 744 2150 epithalamii
777 2101 922 2140 Catulli
957 2102 1033 2140 nisi
1070 2101 1300 2151 spatiosiore
1335 2102 1454 2151 paulo

127 2159 355 2197 litteratura
404 2159 577 2199 discedit.
657 2160 863 2198 Petaviani
911 2163 951 2198 et
993 2160 1305 2210 Hamburgensis
1348 2172 1454 2197 men·

129 2217 267 2255 dorum
303 2217 407 2256 idem
444 2231 567 2268 genus
606 2220 683 2267 est,
721 2219 924 2257 Petaviani
955 2218 1165 2267 crebriora3
1204 2218 1454 2266 interpolatio

128 2276 348 2325 verborum,
375 2288 492 2326 quam
518 2276 643 2316 dicere
669 2277 798 2325 velim,
823 2277 933 2315 nulla
957 2276 997 2314 in
1022 2276 1210 2315 insubidis
1235 2277 1327 2326 illis,
1359 2288 1455 2325 quas
