1601 2484
1280 100 1362 134 XIX

29 207 271 259 πλεόντων,
307 222 385 248 11011
421 211 467 247 ut
502 209 667 247 licenter
705 210 812 248 stella
842 209 890 247 de
923 208 1150 247 Castoribus
1182 210 1362 258 intellegi

27 268 164 318 possit,
197 279 292 317 quos
323 280 394 305 nec
425 267 634 316 Euripides
667 267 755 306 Hel.
784 269 893 306 1499
926 268 987 306 El.
1016 269 1096 306 991
1133 268 1238 305 aliud
1269 268 1362 316 quid

29 338 146 375 quam
167 325 371 373 λαμπρῶν
392 322 555 373 ἄετρων
574 321 652 363 ὑπ’
678 322 847 364 ἀέλλαις
867 328 906 363 et
926 323 1144 374 φλογερὰν
1166 322 1295 373 αἰθέρ’
1314 323 1361 364 ἐν

29 380 193 432 ἄετροιε
237 381 369 422 ναίειν
413 386 595 422 testatur.
671 384 717 421 de
762 384 930 422 veritate
974 384 1218 422 coniecturae
1262 383 1362 421 nihil

28 443 252 490 receperim.
319 455 355 481 v.
394 443 477 480 576
523 442 662 490 scripsi
698 440 912 491 Aryolc'sin,
957 444 1188 491 argumento
1225 444 1360 491 postu-

28 501 152 549 lante,
196 512 270 538 usu
306 502 446 549 poetae
490 500 756 549 permittente.
833 501 900 538 cfr.
939 500 1089 538 Neuius
1133 501 1152 537 I
1190 514 1226 548 p.
1266 501 1362 538 318.

29 559 214 596 Ellisium
246 570 453 606 occupasse
484 558 600 596 modo
628 558 784 596 demum
808 558 938 596 video:
971 571 1047 606 quo
1074 557 1276 596 admoneri
1300 569 1362 595 me

27 617 232 666 intellego,
276 616 552 654 discedendum
596 617 644 655 ab
683 617 869 666 opusculo
914 616 1113 666 exagitato
1153 628 1236 653 esse
1275 629 1363 654 cum

27 675 255 724 gratissima
286 674 447 712 editoris
478 675 712 712 meritorum
743 674 1013 712 recordatione
1046 676 1086 712 et
1116 674 1316 712 memoria.

146 732 282 782 Siquid
318 733 359 770 in
395 732 505 771 Ibide
546 733 750 770 molestius
787 732 870 769 fere
914 745 1034 780 quam
1070 744 1227 770 necesse
1266 734 1362 780 erat,

29 791 293 839 disceptatum
333 793 408 840 est,
450 791 490 828 in
527 791 698 829 Ponticis
737 790 944 838 respiratio
983 789 1158 839 dabitur,
1196 803 1364 839 quorum

29 849 129 887 ratio
163 850 310 897 eadem,
343 849 411 887 sed
442 849 614 898 apertior
644 849 685 885 in
715 850 825 886 tanto
857 848 1047 897 ampliore
1079 849 1256 887 materia.

145 907 322 945 Lacunas
364 907 594 945 manifestas
631 907 671 944 in
707 906 819 944 libris
850 908 984 944 extare
1016 907 1125 945 vides
1156 909 1362 955 quattuor:

27 967 117 1014 post
153 978 310 1003 versum
347 965 366 1002 I
402 974 437 1003 11
476 967 545 1013 11,
586 965 753 1014 paginae
791 965 998 1014 archetypi
1031 960 1114 1017 (4);
1156 967 1246 1013 post
1277 979 1312 1003 v.
1344 965 1364 1001 I

28 1032 111 1061 VIII
151 1026 222 1072 19,
258 1023 425 1073 paginae
459 1018 569 1074 (27);
612 1025 703 1072 post
739 1036 774 1062 v.
806 1023 847 1060 II
878 1031 912 1061 ΙΙ
951 1025 1003 1061 32
1048 1023 1214 1072 paginae
1247 1018 1362 1075 (39);

28 1084 119 1131 post
158 1095 194 1120 v.
218 1081 300 1119 IIII
331 1090 385 1119 ΙΙΙ
416 1083 470 1119 43
509 1081 676 1131 paginae
709 1077 844 1133 (110).
914 1081 1064 1119 accedit
1101 1084 1242 1130 quarto
1279 1082 1363 1119 loco

33 1141 224 1189 habenda,
256 1152 374 1189 quam
399 1139 564 1178 schedae
595 1140 773 1189 integrae
805 1139 975 1178 indicavi
1005 1142 1095 1188 post
1125 1140 1220 1179 v.11
1246 1149 1276 1178 V
1299 1141 1363 1178 36.

145 1199 294 1235 Earum
323 1198 472 1247 primae
499 1198 539 1235 in
563 1198 857 1247 Hamburgensi
881 1199 1035 1235 nullum
1059 1198 1256 1246 indicium,
1287 1198 1364 1235 nisi

29 1257 131 1294 forte
164 1257 321 1305 signum
352 1259 524 1294 extremo
555 1256 687 1294 versui
717 1259 765 1294 11
801 1255 1044 1305 adpositum,
1080 1258 1196 1303 fateri
1227 1253 1276 1307 ᾔ,
1308 1256 1365 1294 ita

30 1313 391 1363 interpretandum;
423 1314 537 1363 quale
571 1314 691 1352 etiam
716 1314 756 1351 H
782 1323 847 1352 VII
873 1315 927 1351 42
961 1316 1135 1351 extremo
1169 1314 1365 1352 adiectum

30 1375 163 1409 monet
194 1385 230 1411 v.
263 1373 316 1410 43
350 1372 484 1410 deesse
515 1372 556 1410 in
588 1372 734 1420 ordine,
767 1372 833 1420 qui
866 1372 1094 1410 subiunctus
1125 1372 1166 1409 in
1196 1373 1272 1410 fine
1298 1385 1364 1421 pa-

29 1431 156 1479 ginae,
188 1432 381 1479 quantum
411 1430 556 1476 notavi,
587 1442 666 1468 non
696 1430 840 1468 iterato
867 1430 1020 1478 signo..³
1062 1430 1166 1468 idem
1191 1431 1364 1479 positum

30 1489 49 1525 I
80 1497 115 1526 ΙΙ
148 1489 200 1526 89
235 1490 275 1526 et
308 1490 378 1536 91,
421 1488 489 1525 sed
519 1488 763 1537 ineuntibus⁷
801 1501 836 1526 v.
871 1490 925 1526 90
958 1488 1118 1536 omisso3
1150 1501 1265 1537 quem
1297 1489 1362 1525 ad-

28 1546 188 1584 modum
219 1546 322 1596 quod
354 1546 558 1584 adnotavit
589 1546 699 1584 Korn
729 1546 770 1583 in
800 1558 917 1584 versu
948 1546 1009 1583 III
1034 1555 1050 1583 Ι
1079 1548 1174 1595 108,
1207 1547 1365 1585 distichi

29 1605 229 1654 absumpti
271 1607 406 1642 notam
448 1605 571 1642 fuisse
614 1606 722 1654 puto.
797 1605 1024 1643 hexametro
1062 1604 1081 1641 Ι
1120 1613 1153 1642 11
1188 1607 1238 1642 11
1273 1606 1363 1642 sub-

28 1663 206 1712 iungitur
230 1675 301 1711 pro
326 1665 574 1712 pentametro
604 1665 669 1712 13,
697 1665 915 1712 sequuntur
937 1663 990 1700 14
1019 1664 1070 1701 15
1092 1676 1163 1712 pro
1185 1663 1364 1711 disticho,

27 1721 286 1770 pentametris
311 1722 535 1771 praeposito
563 1735 604 1769 0,
630 1722 876 1770 hexametro,
903 1721 1007 1770 quod
1030 1721 1201 1770 mireris,
1228 1722 1365 1759 eodem

28 1780 96 1817 illo
135 1776 168 1830 s.
188 1809 197 1819 .
270 1792 426 1819 versum
466 1782 517 1817 12
558 1780 651 1818 olim
694 1780 844 1818 scribae
883 1780 1136 1829 neglegentia
1176 1781 1364 1819 excidisse

26 1838 228 1887 putabam,
254 1851 370 1886 quem
396 1838 605 1876 admodum
630 1840 793 1887 propter
817 1838 1005 1876 iteratum
1029 1839 1148 1877 hiems
1173 1834 1362 1890 (hyemps)

28 1896 225 1935 distichon
258 1898 310 1935 27
346 1898 398 1935 28
434 1892 530 1948 (11011
553 1897 657 1946 quod
682 1897 792 1936 Korn
818 1891 1006 1949 scripsit),
1039 1899 1079 1934 et
1103 1899 1264 1945 propter
1288 1898 1365 1935 Ille

26 1956 102 1993 Ille
143 1967 280 1993 versus
326 1957 379 1993 36
425 1950 522 2007 (non
566 1951 640 2007 34)
686 1955 727 1993 in
766 1955 909 1994 Hamb.
954 1954 1191 1993 exciderunt.
1263 1968 1365 1993 nunc

28 2014 127 2051 illud
158 2027 219 2051 me
251 2013 418 2051 maxime
445 2014 626 2061 advertit,
659 2013 763 2063 quod
788 2014 892 2051 inter
912 2013 1075 2052 omissos
1095 2015 1364 2062 pentametros

30 2074 81 2110 12
116 2073 156 2109 et
183 2073 249 2116 36,
284 2072 316 2110 si
344 2074 395 2111 27
431 2074 484 2111 28
512 2072 632 2110 etiam
657 2072 698 2110 in
723 2073 936 2121 archetypo
961 2073 1046 2110 loco
1066 2074 1217 2109 motum
1242 2072 1364 2111 fuisse

26 2133 157 2180 put-es,
202 2130 278 2179 ipsi
308 2139 406 2169 XXII
443 2143 579 2169 versus
618 2130 782 2169 schedae
821 2143 982 2169 aversae
1014 2131 1222 2169 intersunt.
1297 2131 1364 2168 sed

27 2189 211 2227 credibile
242 2201 321 2227 non
346 2191 417 2239 est,
449 2202 473 2228 a
504 2189 712 2228 diorthotis
739 2191 809 2227 aut
833 2189 1006 2227 librariis
1031 2189 1123 2226 ullis
1150 2189 1363 2238 archetypo

26 2248 224 2297 pleniores
251 2248 400 2286 codices
426 2249 637 2297 consultos,
663 2250 732 2286 aut
757 2260 915 2286 versum
937 2249 989 2286 36
1016 2247 1123 2285 felici
1142 2248 1365 2286 coniectura

27 2307 252 2356 suppletum
278 2318 375 2346 esse.
447 2307 581 2356 itaque
601 2308 756 2345 tantum
780 2318 918 2345 versus
948 2308 997 2344 11
1025 2306 1206 2345 lacunam
1232 2308 1358 2345 statuo

1032 2370 1084 2405 b*
