1575 2489
184 95 240 136 92
731 87 957 125 TRISTmM

300 203 426 253 Atque
458 203 606 240 utinam
637 201 739 238 vivat
770 205 808 238 et
840 206 917 237 no'n
948 200 1137 237 moriatur
1167 199 1208 236 in
1239 198 1338 250 illis,

301 261 410 298 Absit
442 259 488 297 ab
520 260 653 296 invisis
686 264 724 296 et
755 263 883 296 tamen
916 256 1052 295 umbra
1083 255 1196 294 locis!

239 326 281 357 25
302 317 480 356 Carmina
513 316 615 366 quod
647 315 762 366 pleno
795 315 925 354 saltari
956 320 1089 353 nostra
1121 313 1272 352 theatro

304 374 491 413 Versibus
525 378 563 412 et
594 373 726 424 plaudi
758 373 926 425 scribis,
959 374 1104 423 amice,
1136 373 1258 410 meis:

301 433 364 472 Nil
395 432 576 483 equidem
609 433 683 470 feci
712 452 761 458 —
791 437 833 469 tu
866 433 942 469 scis
973 430 1047 469 hoc
1079 432 1163 480 ipse
1191 451 1244 457 -
1272 429 1455 480 theatris,

303 491 411 530 Musa
443 503 515 529 nec
546 492 586 528 in
618 490 777 540 plausus
810 488 1010 527 ambitiosa
1043 500 1128 527 mea
1160 494 1241 526 est.

304 549 391 587 Non
424 555 553 587 tamen
584 550 778 598 ingratum
811 552 894 598 est,
926 546 1201 598 quodcumque
1229 545 1366 583 oblivia
1393 546 1514 583 nostri

240 615 285 646 30
306 607 472 658 Impedit
504 612 542 645 et
573 607 729 657 profugi
760 616 902 643 nomen
933 606 973 643 in
1005 616 1073 643 ora
1104 605 1248 642 refert.

307 665 489 711 Quamvis
521 664 717 703 interdum
737 694 748 714 ,
781 675 878 714 quae
910 669 972 701 me
1004 662 1163 701 laesisse
1194 660 1382 701 recordor

305 723 483 762 Carmina
516 722 683 761 devoveo
716 721 968 771 Pieridasque
1001 732 1130 772 meas,

306 781 403 820 Cum
435 781 534 819 bene
567 781 724 830 devovi,
757 791 909 828 nequeo
941 785 1071 817 tamen
1103 789 1189 816 esse
1222 779 1305 816 sine
1336 774 1436 828 illis,

304 838 619 889 Vulneribusque
652 840 749 876 meis
781 838 856 875 tela
889 843 1051 875 cruenta
1084 848 1250 887 sequor3

241 906 285 936 35
307 897 492 948 Quaeque
525 896 638 934 modo
671 895 855 934 Euboicis
881 895 1047 933 lacerata
1073 901 1133 933 est
1158 893 1367 945 fluctibus,
1403 892 1518 931 audet

308 955 420 994 Graia
453 955 688 1005 Capheream
722 966 883 992 currere
914 954 1057 1004 puppis
1090 964 1251 1003 aquam.

307 1014 386 1052 Nec
418 1019 546 1052 tamen
568 1045 578 1064 ,
609 1018 652 1051 ut
682 1012 845 1063 lauder,
877 1011 992 1062 vigilo
1025 1022 1236 1061 curamque
1268 1010 1392 1049 futuri

307 1071 513 1123 Nominis,
545 1071 679 1109 utilius
712 1070 814 1120 quod
846 1070 1052 1121 latuisset,
1085 1081 1182 1120 ago,

308 1129 469 1167 Detineo
503 1128 641 1167 studiis
674 1130 844 1166 animum
876 1127 1043 1178 falloque
1077 1126 1255 1179 dolores,

244 1197 288 1226 40
310 1188 500 1237 Experior
533 1188 638 1225 curis
671 1192 709 1224 et
740 1186 831 1223 dare
863 1185 979 1224 verba
1011 1187 1129 1223 meis.

309 1246 408 1291 Quid
441 1247 571 1295 potius
604 1245 739 1282 faciam
772 1244 938 1282 desertis
971 1243 1076 1282 solus
1108 1245 1146 1281 in
1179 1244 1282 1294 oris,

309 1304 479 1349 Quamve
512 1303 620 1341 malis
653 1303 763 1340 aliam
792 1314 980 1352 quaerere
1014 1314 1132 1340 coner
1165 1297 1312 1351 opem?

309 1362 396 1400 Sive
428 1362 556 1400 locum
589 1366 721 1412 specto
741 1391 751 1411 ,
784 1360 891 1398 locus
925 1365 984 1398 est
1014 1358 1230 1398 inamabilis
1249 1389 1260 1411 ,
1292 1364 1331 1397 et
1363 1362 1438 1409 quo

308 1420 403 1458 Esse
436 1419 532 1458 nihil
564 1425 646 1458 toto
678 1420 829 1457 tristius
863 1417 957 1456 orbe
989 1423 1143 1469 potest,

243 1487 287 1517 45
310 1479 396 1516 Sive
429 1478 606 1516 homines
626 1508 636 1528 ,
672 1479 734 1515 vix
767 1482 857 1515 sunt
889 1476 1066 1514 homines
1098 1476 1172 1514 hoc
1203 1476 1360 1514 nomine
1392 1474 1519 1526 digni,

310 1536 512 1587 Quamque
544 1535 625 1586 lupi
657 1547 791 1573 saevae
824 1534 911 1585 plus
943 1534 1107 1572 feritatis
1139 1534 1305 1572 habent.

308 1595 394 1633 Non
426 1599 606 1632 metuunt
637 1593 741 1643 leges
761 1625 771 1643 ,
805 1593 870 1631 sed
905 1592 1009 1631 cedit
1040 1592 1187 1630 viribus
1220 1603 1410 1644 aequum,

309 1652 495 1703 Victaque
527 1653 694 1703 pugnaci
726 1653 810 1689 iura
843 1650 916 1689 sub
950 1662 1043 1689 ense
1074 1652 1225 1689 iacent.

308 1711 480 1750 Pellibus
512 1716 552 1748 et
582 1710 677 1748 laxis
710 1714 842 1747 arcent
875 1709 973 1747 mala
1005 1709 1149 1759 frigora
1180 1708 1335 1760 bracis,

246 1778 289 1809 50
309 1769 464 1820 Oraque
497 1774 588 1807 sunt
618 1768 742 1818 longis
773 1767 931 1805 horrida
963 1772 1065 1806 tecta
1097 1768 1238 1806 comis.

310 1828 354 1866 In
385 1829 519 1878 paucis
551 1832 683 1865 extant
714 1825 882 1864 Graecae
914 1827 1075 1875 vestigia
1106 1824 1286 1876 linguae,

309 1886 413 1924 Haec
445 1897 600 1936 quoque
632 1886 706 1922 iam
739 1883 873 1922 Getico
905 1883 1068 1921 barbara
1100 1884 1200 1922 facta
1232 1888 1353 1922 sono.

310 1944 418 1983 Unus
450 1945 489 1982 in
521 1943 595 1981 hoc
627 1954 740 1980 nemo
773 1948 832 1980 est
863 1942 1006 1992 populo
1025 1973 1035 1993 ,
1068 1943 1135 1992 qui
1166 1942 1268 1979 forte
1295 1940 1429 1980 Latine

312 2001 517 2048 Quaelibet
549 2014 569 2039 e
601 2001 727 2039 medio
760 2000 925 2038 reddere
956 2000 1074 2038 verba
1106 2005 1244 2050 queat.

249 2070 291 2101 55
313 2060 379 2099 llle
413 2073 483 2111 ego
515 2060 711 2098 Romanus
744 2066 848 2097 vates
876 2080 930 2085 —
958 2059 1147 2109 ignoscite
1166 2088 1178 2109 ,
1210 2055 1365 2095 Musae!
1392 2078 1448 2083 —

313 2119 527 2157 Sarmatico
559 2129 677 2169 cogor
708 2117 874 2168 plurima
906 2128 1014 2154 more
1046 2116 1177 2166 loqui.

312 2177 370 2216 En
402 2177 524 2228 pudet
556 2182 594 2215 et
625 2177 778 2225 fateor,
811 2177 885 2213 iam
918 2174 1175 2213 desuetudine
1208 2173 1320 2224 longa

313 2235 381 2273 Vix
416 2235 586 2273 subeunt
617 2235 692 2285 ipsi
723 2233 839 2272 verba
862 2233 997 2272 Latina
1022 2233 1139 2272 mihi.

312 2293 391 2332 Nec
424 2293 558 2332 dubito
577 2325 588 2345 ,
621 2294 714 2343 quin
748 2294 824 2331 sint
857 2297 894 2330 et
927 2294 967 2329 in
998 2291 1072 2330 hoc
1104 2303 1182 2329 non
1212 2301 1335 2342 pauca
1367 2287 1494 2327 libello
