1575 2489
544 112 589 144 11.
617 113 811 144 349-421.
1255 107 1340 148 245

186 218 285 264 Quid
318 216 453 258 facis?
497 232 542 258 ex
575 220 660 258 istis
693 218 881 257 Romulus
914 218 1011 256 alter
1044 217 1139 256 erit!

126 277 234 316 lussa
267 283 493 316 recusantes
525 284 716 328 peragunt
746 277 949 315 lacrimosa
981 277 1174 327 ministri,

184 335 297 374 Flent
328 342 457 373 tamen
477 367 486 385 ,
518 342 557 373 et
588 337 762 386 geminos
794 337 833 374 in
865 334 948 373 loca
980 336 1082 373 iussa
1117 333 1270 372 serunt.

126 393 262 432 Albula
282 425 292 444 ,
325 405 440 444 quem
472 393 643 432 Tiberim
677 405 829 432 mersus
860 392 1070 431 Tiberinus
1101 393 1141 430 in
1174 391 1287 430 undis

39 460 106 491 390
186 451 395 502 Reddidit,
428 451 602 490 hibernis
634 452 734 490 sorte
767 450 940 490 tumebat
971 451 1105 501 aquis.

126 509 196 547 Hic
216 541 226 561 ‚
259 509 325 548 uhi
357 522 461 548 nunc
494 510 576 548 sora
608 516 700 548 sunt
718 541 729 561 ,
760 509 896 548 lintres
929 520 1061 547 errare
1093 507 1268 559 videres,

185 567 347 618 Quaque
379 569 507 606 iacent
537 568 653 606 valles
672 599 682 615 ‚
715 568 877 606 Maxime
911 567 1021 606 Circe
1041 598 1051 618 ,
1084 572 1194 605 tuae.

125 625 210 664 Huc
243 626 310 664 ubi
341 632 556 677 venerunt,
583 648 626 653 —
653 638 780 677 neque
807 627 910 664 enim
936 625 1149 677 procedere
1176 629 1341 675 possunt

184 683 355 734 Longius
388 706 430 711 —
464 697 510 723 ex
541 684 617 723 illis
650 697 751 723 unus
784 690 822 723 et
853 684 949 723 alter
982 686 1058 722 ait:

39 750 105 782 395
127 739 190 780 ‘At
222 754 336 793 quam
369 748 461 781 sunt
492 742 666 781 similes!
711 748 748 781 at
780 755 894 793 quam
928 742 1121 780 formosus
1154 739 1339 791 uterque!

184 799 276 838 Plus
311 809 436 839 tamen
470 813 516 839 ex
547 801 622 839 illis
654 802 726 839 iste
760 802 903 850 vigoris
936 799 1072 838 habet.

126 857 167 896 Si
200 871 323 908 genus
356 860 533 909 arguitur
566 859 700 909 voltu,
734 859 809 896 nisi
842 857 937 896 fallit
968 859 1118 908 imago,

184 916 324 955 Nescio
357 929 471 967 quem
505 918 611 954 venis
644 917 821 966 suspicer
853 928 938 954 esse
971 912 1131 954 deum.'

127 972 191 1013 ‘At
222 976 344 1025 siquis
376 980 526 1013 vestrae
559 974 655 1013 deus
688 980 792 1012 esset
823 975 984 1025 originis
1016 979 1174 1025 auctor,

39 1041 107 1072 400
187 1032 229 1071 ln
263 1039 339 1071 tam
373 1034 576 1083 praecipiti
610 1039 784 1083 tempore
812 1032 933 1071 ferret
965 1044 1101 1083 opem:

126 1090 264 1129 Ferret
295 1103 408 1141 opem
441 1098 546 1130 certe
567 1123 576 1141 ,
609 1093 642 1129 si
673 1103 751 1129 non
783 1103 856 1142 ope
890 1096 1012 1129 mater
1045 1095 1200 1142 egeret,

187 1149 291 1194 Quae
325 1149 424 1187 facta
456 1155 515 1187 est
547 1161 624 1187 uno
656 1155 781 1187 mater
813 1154 852 1187 et
883 1149 976 1187 orba
1009 1149 1094 1188 die.

126 1206 222 1245 Nata
255 1207 397 1258 simul,
430 1208 618 1246 moritura
652 1207 795 1258 simul,
828 1207 943 1245 simul
974 1208 1026 1245 ite
1060 1206 1132 1245 sub
1165 1206 1288 1245 undas

186 1265 356 1316 Corpora
377 1262 409 1304 1'
456 1266 654 1317 desierat,
686 1266 945 1316 deposuitque
978 1267 1088 1304 sinu.

40 1333 107 1363 405
130 1322 340 1373 Vagierunt
373 1324 483 1362 ambo
517 1326 691 1374 pariter:
736 1326 905 1363 sensisse
937 1330 1118 1375 putares.

186 1382 234 1420 Hi
266 1382 433 1420 redeunt
464 1382 551 1420 udis
583 1384 622 1420 in
655 1394 724 1421 sua
756 1387 859 1421 tecta
890 1384 1022 1433 genis.

128 1440 305 1479 Sustinet
335 1442 538 1491 impositos
571 1453 719 1479 summa
753 1453 869 1480 cavus
902 1441 1032 1478 alveus
1064 1439 1192 1479 unda.

184 1498 266 1536 Heu
302 1504 490 1549 quantum
523 1499 590 1537 sati
622 1511 738 1550 parva
770 1498 908 1537 tabella
941 1497 1050 1537 tulit!

125 1556 265 1595 Alveus
297 1558 336 1594 in
370 1556 459 1595 limo
493 1557 598 1595 silvis
630 1556 815 1607 adpulsus
848 1558 978 1607 opacis

39 1623 106 1654 410
186 1614 376 1653 Paulatim
408 1615 526 1653 ssuvio
560 1615 764 1654 deficiente
798 1615 931 1654 sedet.

125 1672 251 1711 Arbor
283 1680 394 1712 erat:
439 1680 642 1711 remanent
673 1675 863 1726 vestigia,
896 1686 1073 1725 quaeque
1106 1678 1266 1713 vocatur

185 1731 350 1769 Rumina
383 1744 486 1770 nunc
519 1732 644 1783 ficus,
676 1731 839 1770 Romula
873 1732 969 1771 ficus
1002 1739 1106 1771 erat.

127 1788 239 1827 Venit
271 1789 317 1827 ad
350 1791 547 1840 expositos
573 1812 616 1816 -
644 1790 808 1829 mirum!
835 1812 881 1817 —
906 1790 995 1842 lupa
1029 1791 1104 1829 feta
1136 1790 1338 1842 gemellos.

186 1848 282 1893 Quis
314 1848 447 1886 credat
480 1849 612 1899 pueris
644 1860 721 1886 non
755 1850 935 1887 nocuisse
968 1846 1123 1888 feram?

39 1914 106 1946 415
126 1906 211 1945 Non
244 1908 425 1944 nocuisse
459 1918 596 1957 parum
629 1913 718 1957 est,
750 1907 910 1958 prodest
943 1919 1128 1957 quoque.
1185 1920 1283 1958 quos

852 1965 940 2016 lupa
973 1967 1119 2016 nutrit,

184 2023 354 2062 Perdere
388 2030 572 2074 cognatae
605 2029 828 2061 sustlnuere
862 2035 1021 2062 manus.

127 2081 340 2132 Constitit,
373 2088 410 2120 et
442 2082 563 2120 cauda
596 2083 742 2120 teneris
776 2081 972 2120 blanditur
1004 2081 1193 2134 alumnis,

184 2139 233 2178 Et
264 2140 373 2190 fingit
406 2140 535 2190 lingua
568 2152 732 2191 corpora
764 2139 854 2178 bina
886 2152 976 2179 sua.

128 2197 248 2236 Marte
282 2204 386 2236 satos
419 2200 570 2237 scires:
615 2200 730 2237 timor
764 2199 887 2237 afuit.
944 2198 1065 2238 ubera
1097 2199 1269 2251 ducunt,

40 2264 106 2295 420
186 2256 265 2295 Nec
298 2256 372 2295 sibi
405 2258 585 2307 promissi
617 2256 727 2296 lactis
760 2257 916 2296 aluntur
948 2269 1044 2308 ope.

128 2314 192 2353 [lla
225 2314 308 2354 loco
341 2327 483 2354 nomen
516 2316 636 2368 fecit,
668 2316 777 2355 locus
809 2317 891 2367 ipse
923 2315 1117 2367 lupercis.
