1575 2489
629 31 688 63 vi.
716 32 888 63 50-120.
1209 77 1212 80 ἢ
1341 29 1426 69 335

209 141 274 179 Sic
306 140 472 191 statuit,
503 150 738 189 mensesque
770 143 861 177 nota
893 139 1061 177 secrevit
1093 138 1251 177 eadem:

267 198 401 237 lunius
434 202 494 236 est
524 199 739 248 iuvenum3
772 197 839 247 qui
872 197 945 235 fuit
976 202 1095 249 ante,
1128 194 1312 236 senum.'

208 257 340 296 Dixit.
397 261 436 294 et
466 256 507 294 in
539 255 647 294 litem
680 254 809 293 studio
842 256 1068 293 certaminis
1099 256 1247 307 issent,

143 325 187 356 90
266 315 392 365 Atque
424 315 483 352 ira
514 315 639 365 pietas
671 313 912 352 dissimulata
945 313 1047 351 foret
1079 335 1121 340 —

208 373 323 412 Venit
354 372 554 423 Apollinea
585 372 719 423 longas
752 371 969 410 Concordia
1001 371 1111 410 lauro

265 430 370 470 Nexa
403 443 561 483 comas,
593 430 735 482 placidi
766 442 911 469 numen
943 442 1121 481 opusque
1154 430 1292 469 ducis.

208 489 313 528 Haec
345 488 413 527 ubi
445 491 617 528 narravit
647 489 802 527 Tatium
837 489 1055 540 fortemque
1088 488 1296 534 Quirinum

267 547 441 598 Binaque
475 560 563 586 curn
595 546 749 599 populis
781 559 900 598 regna
933 549 1059 586 coisse
1091 549 1197 598 suis,

145 615 188 647 95
210 606 258 646 Et
289 606 369 644 lare
402 608 601 645 communi
633 617 791 644 soceros
824 618 1071 657 generosque
1104 610 1311 657 receptos,

269 662 360 703 ‘His
392 676 535 703 nomen
567 666 712 703 iunctis
744 662 901 703 Iunius'
933 666 1063 715 inquit
1095 661 1279 703 ‘haben'

210 724 320 762 Dicta
351 723 491 774 triplex
525 734 641 762 causa
674 728 761 762 est.
818 729 856 761 at
888 735 955 761 vos
987 724 1177 774 ignoscite
1198 753 1209 775 ‚
1242 722 1374 761 divae:

269 782 346 820 Res
379 787 438 820 est
470 781 631 820 arbitrio
664 793 742 820 non
775 781 992 819 dirimenda
1024 793 1136 820 meo.

210 840 265 880 lte
296 852 412 891 pares
444 852 464 878 a
496 852 586 878 me.
643 841 847 889 perierunt
878 839 1006 878 iudice
1041 839 1188 877 formae
1357 846 1432 879 (195)

127 908 189 938 100
268 899 457 948 Pergama
477 928 486 936 .
540 897 629 949 plus
661 897 849 947 laedunt,
882 909 997 948 quam
1029 898 1137 936 iuvet
1168 909 1274 950 una,
1307 897 1433 936 duae.

554 990 589 1030 1.
624 987 979 1040 [HK-Num

211 1073 341 1112 Prima
374 1071 458 1110 dies
496 1071 566 1110 tibi
587 1103 598 1123 ‚
630 1072 784 1124 Cama,
817 1072 960 1111 datur.
1017 1072 1088 1111 dea
1126 1072 1299 1111 cardinis
1336 1072 1433 1110 haec

942 1136 1025 1170 est:

270 1189 438 1228 Numine
472 1188 602 1227 clausa
634 1190 788 1240 aperit,
821 1188 965 1228 claudit
996 1194 1131 1240 aperta
1163 1201 1257 1228 suc.

213 1247 322 1286 Unde
356 1247 464 1286 datas
496 1246 636 1286 habeat
667 1248 769 1286 vires
788 1279 799 1299 ‚
831 1247 1038 1286 obscurior
1070 1259 1162 1286 aevo

272 1306 418 1344 Fama:
463 1305 531 1344 sed
564 1318 584 1344 e
618 1311 753 1344 nostro
786 1307 958 1345 carmine
992 1313 1124 1345 certus
1157 1308 1261 1345 eris.

128 1373 191 1405 105
213 1364 373 1404 Adiacet
404 1365 588 1415 antiquus
621 1363 806 1403 Tiberino
838 1364 951 1403 lucus
983 1364 1168 1404 Helerni:

273 1423 483 1461 Pontifices
515 1423 607 1461 illuc
639 1435 744 1462 nunc
777 1435 934 1474 quoque
967 1435 1077 1462 sacra
1110 1424 1265 1462 serunt.

214 1481 307 1520 lnda
339 1487 420 1520 sata
452 1487 512 1520 est
544 1481 712 1532 nymphe
741 1504 782 1507 —
811 1481 986 1520 Cranaen
1019 1482 1153 1520 dixere
1184 1483 1340 1533 priores
1368 1504 1411 1508 —

271 1539 515 1591 Nequiquam
548 1539 680 1578 multis
714 1551 829 1591 saepe
861 1541 982 1591 petita
1014 1542 1168 1591 procis.

213 1598 319 1638 Rura
351 1600 492 1650 sequi,
524 1598 739 1649 iaculisque
772 1599 874 1637 feras
906 1600 1052 1649 agitare
1086 1598 1256 1646 solebat,

130 1667 194 1697 110
275 1656 527 1708 Nodosasque
560 1669 651 1696 cava
683 1656 845 1696 tendere
878 1656 973 1696 valle
1006 1656 1160 1708 plagas.

215 1716 301 1755 Nou
332 1714 468 1754 habuit
499 1715 722 1767 pharetram
742 1746 752 1766 ‚
783 1715 932 1754 Phoebi
969 1721 1098 1755 tamen
1138 1728 1224 1755 esse
1258 1728 1436 1755 sororem

275 1773 524 1825 Credebant3
557 1785 630 1812 nec
662 1779 775 1825 erat,
807 1773 962 1813 Phoebe
982 1806 993 1826 ‚
1026 1774 1208 1825 pudenda
1241 1774 1333 1813 tibi,

215 1832 315 1873 Huic
347 1832 486 1883 aliquis
518 1834 703 1871 iuvenum
736 1832 899 1871 dixisset
931 1834 1096 1871 amantia
1129 1832 1269 1884 verba,

274 1890 476 1930 Reddebat
508 1891 604 1930 tales
636 1892 816 1942 protinus
849 1891 912 1930 illa
945 1903 1088 1930 sonos:

133 1959 196 1990 115
218 1949 342 1989 ‘Haec
374 1949 457 1989 loca
489 1949 587 1988 lucis
613 1949 758 1988 habent
784 1951 925 2001 nimis,
958 1955 997 1989 et
1022 1961 1112 1989 cum
1137 1949 1224 1988 luce
1251 1950 1439 2001 pudoris.

277 2008 317 2048 Si
349 2014 500 2047 secreta
531 2009 653 2059 magis
685 2008 796 2047 ducis
828 2010 868 2047 in
901 2013 1010 2047 antra
1029 2039 1040 2060 ‚
1073 2006 1264 2060 sequor.'

217 2066 408 2107 Credulus
441 2073 529 2107 ante
560 2073 605 2106 ut
635 2068 708 2119 iit,
742 2068 904 2106 frutices
936 2067 1031 2106 haec
1064 2073 1175 2106 nacta
1209 2069 1384 2119 resistit,

275 2126 325 2165 Et
355 2125 476 2178 latet,
510 2132 548 2165 et
579 2125 685 2164 nullo
719 2131 778 2165 est
809 2126 1042 2165 invenienda
1075 2125 1214 2165 modo.

217 2185 374 2224 Viderat
405 2184 503 2224 hanc
536 2184 681 2237 Ianus,
713 2186 896 2237 visaeque
930 2184 1115 2236 cupidine
1148 2190 1285 2236 captus

135 2251 196 2282 120
276 2243 332 2282 Ad
365 2243 503 2282 duram
535 2243 664 2283 verbis
698 2243 881 2283 mollibus
914 2255 1009 2283 usus
1043 2249 1149 2284 erat.
