<?xml version="1.0" encoding="UTF-8"?>
<!DOCTYPE html PUBLIC "-//W3C//DTD XHTML 1.0 Transitional//EN"
    "http://www.w3.org/TR/xhtml1/DTD/xhtml1-transitional.dtd">
<html xmlns="http://www.w3.org/1999/xhtml" xml:lang="en" lang="en">
 <head>
  <title>
</title>
<meta http-equiv="Content-Type" content="text/html;charset=utf-8" />
  <meta name='ocr-system' content='tesseract 3.04.00' />
  <meta name='ocr-capabilities' content='ocr_page ocr_carea ocr_par ocr_line ocrx_word'/>
</head>
<body>
  <div class='ocr_page' id='page_1' title='image "./operaovid01oviduoft_0301.png"; bbox 0 0 1575 2489; ppageno 0'>
   <div class='ocr_carea' id='block_1_1' title="bbox 600 56 1399 97">
    <p class='ocr_par' dir='ltr' id='par_1_1' title="bbox 600 56 1399 97">
     <span class='ocr_line' id='line_1_1' title="bbox 600 56 1399 97; baseline 0.008 -6"><span class='ocrx_word' id='word_1_1' title='bbox 600 59 645 92; x_wconf 90' lang='lat'>11.</span> <span class='ocrx_word' id='word_1_2' title='bbox 673 60 870 92; x_wconf 83' lang='lat'>635—703.</span> <span class='ocrx_word' id='word_1_3' title='bbox 1314 56 1399 97; x_wconf 81' lang='lat'>253</span> 
     </span>
    </p>
   </div>
   <div class='ocr_carea' id='block_1_2' title="bbox 99 165 1399 1088">
    <p class='ocr_par' dir='ltr' id='par_1_2' title="bbox 99 165 1399 1088">
     <span class='ocr_line' id='line_1_2' title="bbox 185 165 1399 217; baseline 0 -13"><span class='ocrx_word' id='word_1_4' title='bbox 185 165 422 216; x_wconf 76' lang='lat' dir='ltr'>Terminus,</span> <span class='ocrx_word' id='word_1_5' title='bbox 453 171 497 204; x_wconf 88' lang='lat' dir='ltr'>ut</span> <span class='ocrx_word' id='word_1_6' title='bbox 528 172 680 205; x_wconf 89' lang='lat' dir='ltr'>veteres</span> <span class='ocrx_word' id='word_1_7' title='bbox 712 171 957 216; x_wconf 88' lang='lat' dir='ltr'>memorant,</span> <span class='ocrx_word' id='word_1_8' title='bbox 997 167 1179 204; x_wconf 89' lang='lat' dir='ltr'>inventus</span> <span class='ocrx_word' id='word_1_9' title='bbox 1210 166 1250 204; x_wconf 91' lang='lat' dir='ltr'>in</span> <span class='ocrx_word' id='word_1_10' title='bbox 1283 165 1399 217; x_wconf 94' lang='lat' dir='ltr'>aede,</span> 
     </span>
     <span class='ocr_line' id='line_1_3' title="bbox 99 223 1216 275; baseline -0.001 -12"><span class='ocrx_word' id='word_1_11' title='bbox 99 232 164 263; x_wconf 81' lang='lat'>670</span> <span class='ocrx_word' id='word_1_12' title='bbox 243 223 399 262; x_wconf 82' lang='lat' dir='ltr'>Restitit</span> <span class='ocrx_word' id='word_1_13' title='bbox 431 229 470 262; x_wconf 91' lang='lat' dir='ltr'>et</span> <span class='ocrx_word' id='word_1_14' title='bbox 501 236 637 275; x_wconf 87' lang='lat' dir='ltr'>magno</span> <span class='ocrx_word' id='word_1_15' title='bbox 671 235 759 262; x_wconf 89' lang='lat' dir='ltr'>eum</span> <span class='ocrx_word' id='word_1_16' title='bbox 790 223 878 262; x_wconf 90' lang='lat' dir='ltr'>love</span> <span class='ocrx_word' id='word_1_17' title='bbox 911 223 1053 274; x_wconf 88' lang='lat' dir='ltr'>templa</span> <span class='ocrx_word' id='word_1_18' title='bbox 1086 229 1216 262; x_wconf 90' lang='lat' dir='ltr'>tenet.</span> 
     </span>
     <span class='ocr_line' id='line_1_4' title="bbox 185 281 1399 333; baseline 0.001 -14"><span class='ocrx_word' id='word_1_19' title='bbox 185 281 296 320; x_wconf 83' lang='lat' dir='ltr'>Nune</span> <span class='ocrx_word' id='word_1_20' title='bbox 329 293 484 332; x_wconf 88' lang='lat' dir='ltr'>quoque</span> <span class='ocrx_word' id='word_1_21' title='bbox 503 313 514 333; x_wconf 87' lang='lat'>,</span> <span class='ocrx_word' id='word_1_22' title='bbox 546 295 587 320; x_wconf 92' lang='lat' dir='ltr'>se</span> <span class='ocrx_word' id='word_1_23' title='bbox 620 294 737 333; x_wconf 89' lang='lat' dir='ltr'>supra</span> <span class='ocrx_word' id='word_1_24' title='bbox 768 294 817 320; x_wconf 89' lang='lat' dir='ltr'>ne</span> <span class='ocrx_word' id='word_1_25' title='bbox 850 281 942 333; x_wconf 86' lang='lat' dir='ltr'>quid</span> <span class='ocrx_word' id='word_1_26' title='bbox 976 283 1051 319; x_wconf 91' lang='lat' dir='ltr'>nisi</span> <span class='ocrx_word' id='word_1_27' title='bbox 1084 282 1210 320; x_wconf 90' lang='lat' dir='ltr'>sidera</span> <span class='ocrx_word' id='word_1_28' title='bbox 1242 288 1399 333; x_wconf 86' lang='lat' dir='ltr'>cernat,</span> 
     </span>
     <span class='ocr_line' id='line_1_5' title="bbox 243 339 1135 390; baseline 0 -13"><span class='ocrx_word' id='word_1_29' title='bbox 243 339 435 390; x_wconf 87' lang='lat' dir='ltr'>Exiguum</span> <span class='ocrx_word' id='word_1_30' title='bbox 467 340 600 390; x_wconf 90' lang='lat' dir='ltr'>templi</span> <span class='ocrx_word' id='word_1_31' title='bbox 632 346 732 379; x_wconf 86' lang='lat' dir='ltr'>tecta</span> <span class='ocrx_word' id='word_1_32' title='bbox 765 340 938 378; x_wconf 79' lang='lat' dir='ltr'>foramen</span> <span class='ocrx_word' id='word_1_33' title='bbox 969 339 1135 378; x_wconf 89' lang='lat' dir='ltr'>habent.</span> 
     </span>
     <span class='ocr_line' id='line_1_6' title="bbox 185 397 1282 450; baseline 0 -14"><span class='ocrx_word' id='word_1_34' title='bbox 185 397 366 436; x_wconf 85' lang='lat' dir='ltr'>Termine</span> <span class='ocrx_word' id='word_1_35' title='bbox 386 430 396 450; x_wconf 90' lang='lat'>,</span> <span class='ocrx_word' id='word_1_36' title='bbox 430 404 517 448; x_wconf 87' lang='lat' dir='ltr'>post</span> <span class='ocrx_word' id='word_1_37' title='bbox 547 397 641 436; x_wconf 93' lang='lat' dir='ltr'>illud</span> <span class='ocrx_word' id='word_1_38' title='bbox 674 399 807 437; x_wconf 89' lang='lat' dir='ltr'>levitas</span> <span class='ocrx_word' id='word_1_39' title='bbox 839 397 909 436; x_wconf 88' lang='lat' dir='ltr'>tibi</span> <span class='ocrx_word' id='word_1_40' title='bbox 941 397 1062 436; x_wconf 87' lang='lat' dir='ltr'>libera</span> <span class='ocrx_word' id='word_1_41' title='bbox 1094 409 1173 436; x_wconf 91' lang='lat' dir='ltr'>non</span> <span class='ocrx_word' id='word_1_42' title='bbox 1205 404 1282 436; x_wconf 89' lang='lat' dir='ltr'>est:</span> 
     </span>
     <span class='ocr_line' id='line_1_7' title="bbox 244 456 1131 507; baseline 0 -13"><span class='ocrx_word' id='word_1_43' title='bbox 244 456 328 502; x_wconf 88' lang='lat' dir='ltr'>Qua</span> <span class='ocrx_word' id='word_1_44' title='bbox 360 457 510 507; x_wconf 87' lang='lat' dir='ltr'>positus</span> <span class='ocrx_word' id='word_1_45' title='bbox 543 458 664 495; x_wconf 80' lang='lat' dir='ltr'>fueris</span> <span class='ocrx_word' id='word_1_46' title='bbox 695 458 735 495; x_wconf 91' lang='lat' dir='ltr'>in</span> <span class='ocrx_word' id='word_1_47' title='bbox 768 458 962 507; x_wconf 85' lang='lat' dir='ltr'>statione,</span> <span class='ocrx_word' id='word_1_48' title='bbox 995 467 1131 507; x_wconf 81' lang='lat' dir='ltr'>mane3</span> 
     </span>
     <span class='ocr_line' id='line_1_8' title="bbox 99 513 1148 566; baseline 0 -14"><span class='ocrx_word' id='word_1_49' title='bbox 99 521 165 553; x_wconf 82' lang='grc'>675</span> <span class='ocrx_word' id='word_1_50' title='bbox 186 513 265 553; x_wconf 90' lang='lat' dir='ltr'>Nec</span> <span class='ocrx_word' id='word_1_51' title='bbox 298 519 340 553; x_wconf 87' lang='lat' dir='ltr'>tu</span> <span class='ocrx_word' id='word_1_52' title='bbox 371 516 497 553; x_wconf 88' lang='lat' dir='ltr'>vicino</span> <span class='ocrx_word' id='word_1_53' title='bbox 530 517 738 565; x_wconf 89' lang='lat' dir='ltr'>quicquam</span> <span class='ocrx_word' id='word_1_54' title='bbox 770 515 940 553; x_wconf 83' lang='lat' dir='ltr'>concede</span> <span class='ocrx_word' id='word_1_55' title='bbox 973 516 1148 566; x_wconf 79' lang='lat' dir='ltr'>roganti,</span> 
     </span>
     <span class='ocr_line' id='line_1_9' title="bbox 243 571 1154 624; baseline 0 -14"><span class='ocrx_word' id='word_1_56' title='bbox 243 571 300 610; x_wconf 90' lang='lat' dir='ltr'>Ne</span> <span class='ocrx_word' id='word_1_57' title='bbox 331 572 485 611; x_wconf 81' lang='lat' dir='ltr'>videare</span> <span class='ocrx_word' id='word_1_58' title='bbox 517 573 715 611; x_wconf 88' lang='lat' dir='ltr'>hominem</span> <span class='ocrx_word' id='word_1_59' title='bbox 746 574 1020 624; x_wconf 81' lang='lat' dir='ltr'>praeposuisse</span> <span class='ocrx_word' id='word_1_60' title='bbox 1051 572 1154 610; x_wconf 91' lang='lat' dir='ltr'>Iovi:</span> 
     </span>
     <span class='ocr_line' id='line_1_10' title="bbox 185 629 1225 682; baseline 0 -14"><span class='ocrx_word' id='word_1_61' title='bbox 185 629 235 668; x_wconf 90' lang='lat' dir='ltr'>Et</span> <span class='ocrx_word' id='word_1_62' title='bbox 266 642 334 668; x_wconf 88' lang='lat' dir='ltr'>seu</span> <span class='ocrx_word' id='word_1_63' title='bbox 367 631 589 670; x_wconf 78' lang='lat' dir='ltr'>vomeribus</span> <span class='ocrx_word' id='word_1_64' title='bbox 608 663 618 682; x_wconf 90' lang='lat'>,</span> <span class='ocrx_word' id='word_1_65' title='bbox 651 643 719 670; x_wconf 91' lang='lat' dir='ltr'>seu</span> <span class='ocrx_word' id='word_1_66' title='bbox 754 638 794 670; x_wconf 92' lang='lat' dir='ltr'>tu</span> <span class='ocrx_word' id='word_1_67' title='bbox 826 630 1033 681; x_wconf 82' lang='lat' dir='ltr'>pulsabere</span> <span class='ocrx_word' id='word_1_68' title='bbox 1064 632 1225 682; x_wconf 85' lang='lat' dir='ltr'>rastris,</span> 
     </span>
     <span class='ocr_line' id='line_1_11' title="bbox 245 685 1181 740; baseline 0.001 -14"><span class='ocrx_word' id='word_1_69' title='bbox 245 688 413 727; x_wconf 87' lang='lat' dir='ltr'>Clamato</span> <span class='ocrx_word' id='word_1_70' title='bbox 447 686 563 728; x_wconf 74' lang='lat' dir='ltr'>‘suus</span> <span class='ocrx_word' id='word_1_71' title='bbox 596 695 655 728; x_wconf 89' lang='lat' dir='ltr'>est</span> <span class='ocrx_word' id='word_1_72' title='bbox 686 689 749 728; x_wconf 91' lang='lat' dir='ltr'>hie</span> <span class='ocrx_word' id='word_1_73' title='bbox 781 702 901 740; x_wconf 85' lang='lat' dir='ltr'>ager,</span> <span class='ocrx_word' id='word_1_74' title='bbox 934 689 997 727; x_wconf 88' lang='lat' dir='ltr'>ille</span> <span class='ocrx_word' id='word_1_75' title='bbox 1030 685 1181 728; x_wconf 85' lang='lat' dir='ltr'>tuusl”</span> 
     </span>
     <span class='ocr_line' id='line_1_12' title="bbox 185 745 1353 798; baseline 0 -14"><span class='ocrx_word' id='word_1_76' title='bbox 185 745 256 785; x_wconf 88' lang='lat' dir='ltr'>Est</span> <span class='ocrx_word' id='word_1_77' title='bbox 286 748 345 785; x_wconf 90' lang='lat' dir='ltr'>via</span> <span class='ocrx_word' id='word_1_78' title='bbox 365 779 374 797; x_wconf 92' lang='lat'>‚</span> <span class='ocrx_word' id='word_1_79' title='bbox 407 759 504 798; x_wconf 89' lang='lat' dir='ltr'>quae</span> <span class='ocrx_word' id='word_1_80' title='bbox 537 748 725 798; x_wconf 89' lang='lat' dir='ltr'>populum</span> <span class='ocrx_word' id='word_1_81' title='bbox 756 747 972 786; x_wconf 80' lang='lat' dir='ltr'>Laurentes</span> <span class='ocrx_word' id='word_1_82' title='bbox 1006 747 1113 785; x_wconf 89' lang='lat' dir='ltr'>ducit</span> <span class='ocrx_word' id='word_1_83' title='bbox 1144 748 1183 785; x_wconf 90' lang='lat' dir='ltr'>in</span> <span class='ocrx_word' id='word_1_84' title='bbox 1217 758 1353 798; x_wconf 88' lang='lat' dir='ltr'>agros,</span> 
     </span>
     <span class='ocr_line' id='line_1_13' title="bbox 99 804 1118 856; baseline -0.001 -13"><span class='ocrx_word' id='word_1_85' title='bbox 99 812 165 844; x_wconf 84' lang='lat'>680</span> <span class='ocrx_word' id='word_1_86' title='bbox 246 805 448 850; x_wconf 85' lang='lat' dir='ltr'>Quondam</span> <span class='ocrx_word' id='word_1_87' title='bbox 480 805 670 844; x_wconf 87' lang='lat' dir='ltr'>Dardanio</span> <span class='ocrx_word' id='word_1_88' title='bbox 704 817 823 856; x_wconf 87' lang='lat' dir='ltr'>regna</span> <span class='ocrx_word' id='word_1_89' title='bbox 854 807 974 856; x_wconf 92' lang='lat' dir='ltr'>petita</span> <span class='ocrx_word' id='word_1_90' title='bbox 1006 804 1118 843; x_wconf 89' lang='lat' dir='ltr'>duci.</span> 
     </span>
     <span class='ocr_line' id='line_1_14' title="bbox 185 862 1146 914; baseline -0.001 -13"><span class='ocrx_word' id='word_1_91' title='bbox 185 862 251 901; x_wconf 86' lang='lat' dir='ltr'>Illa</span> <span class='ocrx_word' id='word_1_92' title='bbox 284 863 445 914; x_wconf 82' lang='lat' dir='ltr'>lanigeri</span> <span class='ocrx_word' id='word_1_93' title='bbox 477 865 629 914; x_wconf 81' lang='lat' dir='ltr'>pecoriS</span> <span class='ocrx_word' id='word_1_94' title='bbox 662 863 732 902; x_wconf 90' lang='lat' dir='ltr'>tibi</span> <span class='ocrx_word' id='word_1_95' title='bbox 750 894 761 914; x_wconf 92' lang='lat'>,</span> <span class='ocrx_word' id='word_1_96' title='bbox 793 862 974 901; x_wconf 88' lang='lat' dir='ltr'>Termine</span> <span class='ocrx_word' id='word_1_97' title='bbox 993 893 1004 914; x_wconf 89' lang='lat'>,</span> <span class='ocrx_word' id='word_1_98' title='bbox 1036 862 1146 900; x_wconf 83' lang='lat' dir='ltr'>fibris</span> 
     </span>
     <span class='ocr_line' id='line_1_15' title="bbox 247 920 1149 972; baseline 0 -13"><span class='ocrx_word' id='word_1_99' title='bbox 247 921 365 959; x_wconf 86' lang='lat' dir='ltr'>Sacra</span> <span class='ocrx_word' id='word_1_100' title='bbox 396 921 500 960; x_wconf 91' lang='lat' dir='ltr'>videt</span> <span class='ocrx_word' id='word_1_101' title='bbox 531 922 616 960; x_wconf 87' lang='lat' dir='ltr'>fieri</span> <span class='ocrx_word' id='word_1_102' title='bbox 648 926 781 960; x_wconf 90' lang='lat' dir='ltr'>sextus</span> <span class='ocrx_word' id='word_1_103' title='bbox 813 920 860 959; x_wconf 90' lang='lat' dir='ltr'>ab</span> <span class='ocrx_word' id='word_1_104' title='bbox 894 920 997 959; x_wconf 85' lang='lat' dir='ltr'>Urbe</span> <span class='ocrx_word' id='word_1_105' title='bbox 1029 921 1149 972; x_wconf 88' lang='lat' dir='ltr'>lapis.</span> 
     </span>
     <span class='ocr_line' id='line_1_16' title="bbox 187 978 1185 1029; baseline 0 -12"><span class='ocrx_word' id='word_1_106' title='bbox 187 978 394 1029; x_wconf 87' lang='lat' dir='ltr'>[Gentibus</span> <span class='ocrx_word' id='word_1_107' title='bbox 428 985 486 1018; x_wconf 91' lang='lat' dir='ltr'>est</span> <span class='ocrx_word' id='word_1_108' title='bbox 517 980 601 1018; x_wconf 90' lang='lat' dir='ltr'>aliis</span> <span class='ocrx_word' id='word_1_109' title='bbox 632 979 747 1018; x_wconf 87' lang='lat' dir='ltr'>tellus</span> <span class='ocrx_word' id='word_1_110' title='bbox 780 978 867 1018; x_wconf 85' lang='lat' dir='ltr'>data</span> <span class='ocrx_word' id='word_1_111' title='bbox 898 979 1019 1018; x_wconf 88' lang='lat' dir='ltr'>limite</span> <span class='ocrx_word' id='word_1_112' title='bbox 1052 984 1185 1017; x_wconf 84' lang='lat' dir='ltr'>certo:</span> 
     </span>
     <span class='ocr_line' id='line_1_17' title="bbox 243 1036 1260 1088; baseline 0 -12"><span class='ocrx_word' id='word_1_113' title='bbox 243 1037 436 1076; x_wconf 83' lang='lat' dir='ltr'>Romanae</span> <span class='ocrx_word' id='word_1_114' title='bbox 470 1040 637 1088; x_wconf 88' lang='lat' dir='ltr'>spatium</span> <span class='ocrx_word' id='word_1_115' title='bbox 669 1044 729 1076; x_wconf 93' lang='lat' dir='ltr'>est</span> <span class='ocrx_word' id='word_1_116' title='bbox 760 1037 875 1076; x_wconf 86' lang='lat' dir='ltr'>Urbis</span> <span class='ocrx_word' id='word_1_117' title='bbox 909 1045 947 1076; x_wconf 91' lang='lat' dir='ltr'>et</span> <span class='ocrx_word' id='word_1_118' title='bbox 978 1036 1084 1076; x_wconf 89' lang='lat' dir='ltr'>orbis</span> <span class='ocrx_word' id='word_1_119' title='bbox 1116 1037 1219 1075; x_wconf 89' lang='lat' dir='ltr'>idem</span> <span class='ocrx_word' id='word_1_120' title='bbox 1235 1036 1260 1086; x_wconf 90' lang='lat'>.]</span> 
     </span>
    </p>
   </div>
   <div class='ocr_carea' id='block_1_3' title="bbox 513 1127 956 1170">
    <p class='ocr_par' dir='ltr' id='par_1_3' title="bbox 513 1127 956 1170">
     <span class='ocr_line' id='line_1_18' title="bbox 513 1127 956 1170; baseline 0.002 -1"><span class='ocrx_word' id='word_1_121' title='bbox 513 1129 580 1169; x_wconf 76' lang='lat'>24.</span> <span class='ocrx_word' id='word_1_122' title='bbox 612 1128 649 1170; x_wconf 77' lang='lat' dir='ltr'>Gr</span> <span class='ocrx_word' id='word_1_123' title='bbox 680 1127 956 1170; x_wconf 76' lang='lat' dir='ltr'><strong>REGIF-N</strong></span> 
     </span>
    </p>
   </div>
   <div class='ocr_carea' id='block_1_4' title="bbox 99 1211 1402 2317">
    <p class='ocr_par' dir='ltr' id='par_1_4' title="bbox 99 1211 1402 2317">
     <span class='ocr_line' id='line_1_19' title="bbox 99 1211 1331 1263; baseline -0.001 -12"><span class='ocrx_word' id='word_1_124' title='bbox 99 1220 165 1252; x_wconf 70' lang='lat'>685</span> <span class='ocrx_word' id='word_1_125' title='bbox 186 1212 297 1252; x_wconf 88' lang='lat' dir='ltr'>Nune</span> <span class='ocrx_word' id='word_1_126' title='bbox 330 1213 422 1252; x_wconf 90' lang='lat' dir='ltr'>mihi</span> <span class='ocrx_word' id='word_1_127' title='bbox 455 1212 617 1251; x_wconf 82' lang='lat' dir='ltr'>dicenda</span> <span class='ocrx_word' id='word_1_128' title='bbox 649 1218 708 1251; x_wconf 94' lang='lat' dir='ltr'>est</span> <span class='ocrx_word' id='word_1_129' title='bbox 739 1214 842 1263; x_wconf 89' lang='lat' dir='ltr'>regis</span> <span class='ocrx_word' id='word_1_130' title='bbox 875 1213 993 1263; x_wconf 85' lang='lat' dir='ltr'>suga.</span> <span class='ocrx_word' id='word_1_131' title='bbox 1043 1214 1160 1251; x_wconf 86' lang='lat' dir='ltr'>traxit</span> <span class='ocrx_word' id='word_1_132' title='bbox 1191 1212 1237 1251; x_wconf 87' lang='lat' dir='ltr'>ab</span> <span class='ocrx_word' id='word_1_133' title='bbox 1270 1211 1331 1251; x_wconf 89' lang='lat' dir='ltr'>illa</span> 
     </span>
     <span class='ocr_line' id='line_1_20' title="bbox 246 1270 1143 1310; baseline -0.001 0"><span class='ocrx_word' id='word_1_134' title='bbox 246 1270 387 1310; x_wconf 81' lang='lat' dir='ltr'>Sextus</span> <span class='ocrx_word' id='word_1_135' title='bbox 419 1270 466 1310; x_wconf 88' lang='lat' dir='ltr'>ab</span> <span class='ocrx_word' id='word_1_136' title='bbox 499 1277 671 1310; x_wconf 89' lang='lat' dir='ltr'>extremo</span> <span class='ocrx_word' id='word_1_137' title='bbox 705 1272 862 1309; x_wconf 91' lang='lat' dir='ltr'>nomina</span> <span class='ocrx_word' id='word_1_138' title='bbox 893 1283 1027 1309; x_wconf 90' lang='lat' dir='ltr'>mense</span> <span class='ocrx_word' id='word_1_139' title='bbox 1060 1271 1143 1309; x_wconf 90' lang='lat' dir='ltr'>dies</span> 
     </span>
     <span class='ocr_line' id='line_1_21' title="bbox 187 1328 1179 1380; baseline -0.001 -12"><span class='ocrx_word' id='word_1_140' title='bbox 187 1329 327 1368; x_wconf 90' lang='lat' dir='ltr'>Ultima</span> <span class='ocrx_word' id='word_1_141' title='bbox 359 1330 595 1380; x_wconf 86' lang='lat' dir='ltr'>Tarquinius</span> <span class='ocrx_word' id='word_1_142' title='bbox 628 1330 823 1368; x_wconf 86' lang='lat' dir='ltr'>Romanae</span> <span class='ocrx_word' id='word_1_143' title='bbox 855 1331 981 1380; x_wconf 88' lang='lat' dir='ltr'>gentis</span> <span class='ocrx_word' id='word_1_144' title='bbox 1014 1328 1179 1367; x_wconf 89' lang='lat' dir='ltr'>habebat</span> 
     </span>
     <span class='ocr_line' id='line_1_22' title="bbox 244 1387 1270 1440; baseline 0 -14"><span class='ocrx_word' id='word_1_145' title='bbox 244 1387 405 1440; x_wconf 87' lang='lat' dir='ltr'>Regna,</span> <span class='ocrx_word' id='word_1_146' title='bbox 436 1390 494 1427; x_wconf 92' lang='lat' dir='ltr'>vir</span> <span class='ocrx_word' id='word_1_147' title='bbox 525 1389 694 1427; x_wconf 89' lang='lat' dir='ltr'>iniustus</span> <span class='ocrx_word' id='word_1_148' title='bbox 714 1419 724 1439; x_wconf 94' lang='lat'>,</span> <span class='ocrx_word' id='word_1_149' title='bbox 756 1388 868 1427; x_wconf 86' lang='lat' dir='ltr'>fortis</span> <span class='ocrx_word' id='word_1_150' title='bbox 901 1388 946 1426; x_wconf 86' lang='lat' dir='ltr'>ad</span> <span class='ocrx_word' id='word_1_151' title='bbox 980 1399 1086 1426; x_wconf 89' lang='lat' dir='ltr'>arma</span> <span class='ocrx_word' id='word_1_152' title='bbox 1118 1393 1270 1426; x_wconf 90' lang='lat' dir='ltr'>tamen.</span> 
     </span>
     <span class='ocr_line' id='line_1_23' title="bbox 186 1444 1401 1498; baseline -0.002 -14"><span class='ocrx_word' id='word_1_153' title='bbox 186 1444 350 1497; x_wconf 84' lang='lat' dir='ltr'>Ceperat</span> <span class='ocrx_word' id='word_1_154' title='bbox 380 1446 444 1485; x_wconf 89' lang='lat' dir='ltr'>hie</span> <span class='ocrx_word' id='word_1_155' title='bbox 476 1445 597 1498; x_wconf 87' lang='lat' dir='ltr'>alias,</span> <span class='ocrx_word' id='word_1_156' title='bbox 629 1446 721 1484; x_wconf 91' lang='lat' dir='ltr'>alias</span> <span class='ocrx_word' id='word_1_157' title='bbox 753 1452 947 1484; x_wconf 85' lang='lat' dir='ltr'>everterat</span> <span class='ocrx_word' id='word_1_158' title='bbox 978 1445 1120 1496; x_wconf 88' lang='lat' dir='ltr'>urbes,</span> <span class='ocrx_word' id='word_1_159' title='bbox 1345 1455 1401 1487; x_wconf 79' lang='grc'>(65)</span> 
     </span>
     <span class='ocr_line' id='line_1_24' title="bbox 100 1504 1043 1555; baseline -0.001 -12"><span class='ocrx_word' id='word_1_160' title='bbox 100 1512 166 1544; x_wconf 75' lang='grc' dir='ltr'>ὓ90</span> <span class='ocrx_word' id='word_1_161' title='bbox 246 1504 294 1543; x_wconf 90' lang='lat' dir='ltr'>Et</span> <span class='ocrx_word' id='word_1_162' title='bbox 325 1504 466 1543; x_wconf 87' lang='lat' dir='ltr'>Gabios</span> <span class='ocrx_word' id='word_1_163' title='bbox 498 1506 602 1555; x_wconf 87' lang='lat' dir='ltr'>turpi</span> <span class='ocrx_word' id='word_1_164' title='bbox 636 1505 782 1543; x_wconf 83' lang='lat' dir='ltr'>fecerat</span> <span class='ocrx_word' id='word_1_165' title='bbox 813 1511 895 1543; x_wconf 91' lang='lat' dir='ltr'>arte</span> <span class='ocrx_word' id='word_1_166' title='bbox 928 1516 1043 1543; x_wconf 87' lang='lat' dir='ltr'>suos.</span> 
     </span>
     <span class='ocr_line' id='line_1_25' title="bbox 185 1561 1378 1614; baseline -0.001 -13"><span class='ocrx_word' id='word_1_167' title='bbox 185 1562 358 1614; x_wconf 89' lang='lat' dir='ltr'>Namque</span> <span class='ocrx_word' id='word_1_168' title='bbox 391 1565 509 1601; x_wconf 88' lang='lat' dir='ltr'>trium</span> <span class='ocrx_word' id='word_1_169' title='bbox 541 1564 754 1614; x_wconf 90' lang='lat' dir='ltr'>minimus,</span> <span class='ocrx_word' id='word_1_170' title='bbox 786 1562 916 1614; x_wconf 90' lang='lat' dir='ltr'>proles</span> <span class='ocrx_word' id='word_1_171' title='bbox 949 1563 1154 1601; x_wconf 80' lang='lat' dir='ltr'>manifesta</span> <span class='ocrx_word' id='word_1_172' title='bbox 1186 1561 1378 1614; x_wconf 78' lang='lat' dir='ltr'>Superbi,</span> 
     </span>
     <span class='ocr_line' id='line_1_26' title="bbox 244 1620 1110 1660; baseline 0 -1"><span class='ocrx_word' id='word_1_173' title='bbox 244 1621 287 1660; x_wconf 90' lang='lat' dir='ltr'>In</span> <span class='ocrx_word' id='word_1_174' title='bbox 320 1621 469 1660; x_wconf 90' lang='lat' dir='ltr'>medios</span> <span class='ocrx_word' id='word_1_175' title='bbox 500 1621 632 1660; x_wconf 89' lang='lat' dir='ltr'>hostes</span> <span class='ocrx_word' id='word_1_176' title='bbox 666 1626 779 1660; x_wconf 88' lang='lat' dir='ltr'>noete</span> <span class='ocrx_word' id='word_1_177' title='bbox 812 1620 951 1659; x_wconf 90' lang='lat' dir='ltr'>silente</span> <span class='ocrx_word' id='word_1_178' title='bbox 983 1622 1110 1659; x_wconf 87' lang='lat' dir='ltr'>venit.</span> 
     </span>
     <span class='ocr_line' id='line_1_27' title="bbox 185 1676 1241 1731; baseline -0.001 -13"><span class='ocrx_word' id='word_1_179' title='bbox 185 1679 386 1718; x_wconf 90' lang='lat' dir='ltr'>Nudarant</span> <span class='ocrx_word' id='word_1_180' title='bbox 417 1679 593 1730; x_wconf 89' lang='lat' dir='ltr'>gladios:</span> <span class='ocrx_word' id='word_1_181' title='bbox 637 1676 845 1719; x_wconf 67' lang='lat' dir='ltr'>‘occidite&#39;</span> <span class='ocrx_word' id='word_1_182' title='bbox 879 1679 976 1718; x_wconf 85' lang='lat' dir='ltr'>dixit</span> <span class='ocrx_word' id='word_1_183' title='bbox 1007 1676 1241 1731; x_wconf 71' lang='lat' dir='ltr'>³inermem,</span> 
     </span>
     <span class='ocr_line' id='line_1_28' title="bbox 245 1738 1202 1790; baseline 0 -14"><span class='ocrx_word' id='word_1_184' title='bbox 245 1738 327 1776; x_wconf 84' lang='lat' dir='ltr'>Hoc</span> <span class='ocrx_word' id='word_1_185' title='bbox 359 1740 517 1789; x_wconf 88' lang='lat' dir='ltr'>cupiant</span> <span class='ocrx_word' id='word_1_186' title='bbox 548 1739 688 1777; x_wconf 88' lang='lat' dir='ltr'>fratres</span> <span class='ocrx_word' id='word_1_187' title='bbox 720 1738 1037 1789; x_wconf 85' lang='lat' dir='ltr'>Tarquiniusque</span> <span class='ocrx_word' id='word_1_188' title='bbox 1068 1744 1202 1790; x_wconf 87' lang='lat' dir='ltr'>pater,</span> 
     </span>
     <span class='ocr_line' id='line_1_29' title="bbox 99 1792 1151 1847; baseline -0.002 -11"><span class='ocrx_word' id='word_1_189' title='bbox 99 1805 165 1836; x_wconf 76' lang='lat'>695</span> <span class='ocrx_word' id='word_1_190' title='bbox 186 1796 261 1841; x_wconf 87' lang='lat' dir='ltr'>Qui</span> <span class='ocrx_word' id='word_1_191' title='bbox 293 1808 376 1834; x_wconf 89' lang='lat' dir='ltr'>mea</span> <span class='ocrx_word' id='word_1_192' title='bbox 410 1796 559 1835; x_wconf 86' lang='lat' dir='ltr'>crudeli</span> <span class='ocrx_word' id='word_1_193' title='bbox 590 1796 772 1835; x_wconf 82' lang='lat' dir='ltr'>laceravit</span> <span class='ocrx_word' id='word_1_194' title='bbox 802 1796 966 1835; x_wconf 88' lang='lat' dir='ltr'>verbere</span> <span class='ocrx_word' id='word_1_195' title='bbox 998 1792 1151 1847; x_wconf 87' lang='lat' dir='ltr'>terga.&#39;</span> 
     </span>
     <span class='ocr_line' id='line_1_30' title="bbox 245 1854 1261 1906; baseline 0 -13"><span class='ocrx_word' id='word_1_196' title='bbox 245 1854 382 1893; x_wconf 77' lang='lat' dir='ltr'>DIcere</span> <span class='ocrx_word' id='word_1_197' title='bbox 414 1860 459 1894; x_wconf 93' lang='lat' dir='ltr'>ut</span> <span class='ocrx_word' id='word_1_198' title='bbox 489 1855 562 1893; x_wconf 89' lang='lat' dir='ltr'>hoc</span> <span class='ocrx_word' id='word_1_199' title='bbox 595 1861 757 1906; x_wconf 89' lang='lat' dir='ltr'>posset,</span> <span class='ocrx_word' id='word_1_200' title='bbox 788 1854 951 1893; x_wconf 89' lang='lat' dir='ltr'>verbera</span> <span class='ocrx_word' id='word_1_201' title='bbox 984 1867 1121 1905; x_wconf 89' lang='lat' dir='ltr'>passus</span> <span class='ocrx_word' id='word_1_202' title='bbox 1153 1860 1261 1893; x_wconf 91' lang='lat' dir='ltr'>erat.</span> 
     </span>
     <span class='ocr_line' id='line_1_31' title="bbox 186 1913 1402 1965; baseline -0.001 -13"><span class='ocrx_word' id='word_1_203' title='bbox 186 1913 294 1953; x_wconf 88' lang='lat' dir='ltr'>Luna</span> <span class='ocrx_word' id='word_1_204' title='bbox 326 1914 422 1952; x_wconf 84' lang='lat' dir='ltr'>fuit:</span> <span class='ocrx_word' id='word_1_205' title='bbox 466 1919 644 1965; x_wconf 88' lang='lat' dir='ltr'>spectant</span> <span class='ocrx_word' id='word_1_206' title='bbox 675 1915 856 1952; x_wconf 89' lang='lat' dir='ltr'>iuvenem</span> <span class='ocrx_word' id='word_1_207' title='bbox 874 1944 885 1965; x_wconf 91' lang='lat'>,</span> <span class='ocrx_word' id='word_1_208' title='bbox 910 1913 1136 1963; x_wconf 82' lang='lat' dir='ltr'>gladiosque</span> <span class='ocrx_word' id='word_1_209' title='bbox 1162 1913 1402 1965; x_wconf 80' lang='lat' dir='ltr'>recondunt,</span> 
     </span>
     <span class='ocr_line' id='line_1_32' title="bbox 244 1971 1190 2024; baseline 0 -14"><span class='ocrx_word' id='word_1_210' title='bbox 244 1971 477 2024; x_wconf 80' lang='lat' dir='ltr'>Tergaque,</span> <span class='ocrx_word' id='word_1_211' title='bbox 509 1971 676 2011; x_wconf 86' lang='lat' dir='ltr'>deducta</span> <span class='ocrx_word' id='word_1_212' title='bbox 706 1976 813 2011; x_wconf 90' lang='lat' dir='ltr'>veste</span> <span class='ocrx_word' id='word_1_213' title='bbox 832 2002 843 2023; x_wconf 93' lang='lat'>,</span> <span class='ocrx_word' id='word_1_214' title='bbox 874 1976 1005 2010; x_wconf 84' lang='lat' dir='ltr'>notata</span> <span class='ocrx_word' id='word_1_215' title='bbox 1037 1971 1190 2010; x_wconf 89' lang='lat' dir='ltr'>vident:</span> 
     </span>
     <span class='ocr_line' id='line_1_33' title="bbox 186 2029 1402 2082; baseline 0.001 -13"><span class='ocrx_word' id='word_1_216' title='bbox 186 2029 298 2069; x_wconf 86' lang='lat' dir='ltr'>Flent</span> <span class='ocrx_word' id='word_1_217' title='bbox 324 2042 505 2082; x_wconf 87' lang='lat' dir='ltr'>quoque,</span> <span class='ocrx_word' id='word_1_218' title='bbox 533 2036 572 2069; x_wconf 87' lang='lat' dir='ltr'>et</span> <span class='ocrx_word' id='word_1_219' title='bbox 597 2035 641 2069; x_wconf 93' lang='lat' dir='ltr'>ut</span> <span class='ocrx_word' id='word_1_220' title='bbox 666 2042 800 2069; x_wconf 87' lang='lat' dir='ltr'>secum</span> <span class='ocrx_word' id='word_1_221' title='bbox 831 2035 989 2068; x_wconf 88' lang='lat' dir='ltr'>tueatur</span> <span class='ocrx_word' id='word_1_222' title='bbox 1014 2029 1114 2068; x_wconf 87' lang='lat' dir='ltr'>bella</span> <span class='ocrx_word' id='word_1_223' title='bbox 1130 2061 1140 2081; x_wconf 91' lang='lat'>,</span> <span class='ocrx_word' id='word_1_224' title='bbox 1167 2036 1402 2081; x_wconf 86' lang='lat' dir='ltr'>precantur.</span> 
     </span>
     <span class='ocr_line' id='line_1_34' title="bbox 100 2088 1001 2140; baseline 0 -13"><span class='ocrx_word' id='word_1_225' title='bbox 100 2096 167 2127; x_wconf 76' lang='lat'>700</span> <span class='ocrx_word' id='word_1_226' title='bbox 245 2088 413 2128; x_wconf 90' lang='lat' dir='ltr'>Callidus</span> <span class='ocrx_word' id='word_1_227' title='bbox 445 2090 591 2140; x_wconf 86' lang='lat' dir='ltr'>ignaris</span> <span class='ocrx_word' id='word_1_228' title='bbox 624 2089 759 2127; x_wconf 90' lang='lat' dir='ltr'>adnuit</span> <span class='ocrx_word' id='word_1_229' title='bbox 790 2088 853 2127; x_wconf 92' lang='lat' dir='ltr'>ille</span> <span class='ocrx_word' id='word_1_230' title='bbox 885 2089 1001 2127; x_wconf 88' lang='lat' dir='ltr'>viris.</span> 
     </span>
     <span class='ocr_line' id='line_1_35' title="bbox 185 2146 1320 2200; baseline 0.001 -15"><span class='ocrx_word' id='word_1_231' title='bbox 185 2146 342 2198; x_wconf 90' lang='lat' dir='ltr'>Iamque</span> <span class='ocrx_word' id='word_1_232' title='bbox 374 2153 512 2199; x_wconf 88' lang='lat' dir='ltr'>potens</span> <span class='ocrx_word' id='word_1_233' title='bbox 531 2179 542 2199; x_wconf 93' lang='lat'>,</span> <span class='ocrx_word' id='word_1_234' title='bbox 574 2149 692 2186; x_wconf 88' lang='lat' dir='ltr'>misso</span> <span class='ocrx_word' id='word_1_235' title='bbox 725 2149 943 2198; x_wconf 88' lang='lat' dir='ltr'>genitorem</span> <span class='ocrx_word' id='word_1_236' title='bbox 975 2146 1142 2198; x_wconf 90' lang='lat' dir='ltr'>appellat</span> <span class='ocrx_word' id='word_1_237' title='bbox 1173 2149 1320 2200; x_wconf 89' lang='lat' dir='ltr'>amico,</span> 
     </span>
     <span class='ocr_line' id='line_1_36' title="bbox 244 2205 1208 2256; baseline 0.001 -12"><span class='ocrx_word' id='word_1_238' title='bbox 244 2205 438 2244; x_wconf 88' lang='lat' dir='ltr'>Perdendi</span> <span class='ocrx_word' id='word_1_239' title='bbox 470 2205 611 2245; x_wconf 88' lang='lat' dir='ltr'>Gabios</span> <span class='ocrx_word' id='word_1_240' title='bbox 644 2206 748 2256; x_wconf 91' lang='lat' dir='ltr'>quod</span> <span class='ocrx_word' id='word_1_241' title='bbox 781 2205 855 2244; x_wconf 89' lang='lat' dir='ltr'>sibi</span> <span class='ocrx_word' id='word_1_242' title='bbox 886 2211 1079 2244; x_wconf 86' lang='lat' dir='ltr'>monstret</span> <span class='ocrx_word' id='word_1_243' title='bbox 1109 2207 1208 2245; x_wconf 89' lang='lat' dir='ltr'>iter.</span> 
     </span>
     <span class='ocr_line' id='line_1_37' title="bbox 185 2262 1186 2317; baseline 0 -15"><span class='ocrx_word' id='word_1_244' title='bbox 185 2262 331 2303; x_wconf 90' lang='lat' dir='ltr'>Hortus</span> <span class='ocrx_word' id='word_1_245' title='bbox 363 2264 533 2304; x_wconf 89' lang='lat' dir='ltr'>odoratis</span> <span class='ocrx_word' id='word_1_246' title='bbox 566 2264 726 2304; x_wconf 89' lang='lat' dir='ltr'>suberat</span> <span class='ocrx_word' id='word_1_247' title='bbox 757 2264 996 2303; x_wconf 89' lang='lat' dir='ltr'>cultissimus</span> <span class='ocrx_word' id='word_1_248' title='bbox 1028 2263 1186 2317; x_wconf 82' lang='lat' dir='ltr'>herbis,</span> 
     </span>
    </p>
   </div>
  </div>
 </body>
</html>
