<?xml version="1.0" encoding="UTF-8"?>
<!DOCTYPE html PUBLIC "-//W3C//DTD XHTML 1.0 Transitional//EN"
    "http://www.w3.org/TR/xhtml1/DTD/xhtml1-transitional.dtd">
<html xmlns="http://www.w3.org/1999/xhtml" xml:lang="en" lang="en">
 <head>
  <title>
</title>
<meta http-equiv="Content-Type" content="text/html;charset=utf-8" />
  <meta name='ocr-system' content='tesseract 3.04.00' />
  <meta name='ocr-capabilities' content='ocr_page ocr_carea ocr_par ocr_line ocrx_word'/>
</head>
<body>
  <div class='ocr_page' id='page_1' title='image "./operaovid01oviduoft_0221.png"; bbox 0 0 1575 2489; ppageno 0'>
   <div class='ocr_carea' id='block_1_1' title="bbox 536 79 1391 120">
    <p class='ocr_par' dir='ltr' id='par_1_1' title="bbox 536 79 1391 120">
     <span class='ocr_line' id='line_1_1' title="bbox 536 79 1391 120; baseline -0.002 -6"><span class='ocrx_word' id='word_1_1' title='bbox 536 82 598 113; x_wconf 86' lang='lat'>111.</span> <span class='ocrx_word' id='word_1_2' title='bbox 626 89 658 114; x_wconf 82' lang='lat'>11</span> <span class='ocrx_word' id='word_1_3' title='bbox 677 82 819 114; x_wconf 83' lang='lat'>85—111</span> <span class='ocrx_word' id='word_1_4' title='bbox 839 83 894 113; x_wconf 87' lang='lat'>45.</span> <span class='ocrx_word' id='word_1_5' title='bbox 1308 79 1391 120; x_wconf 82' lang='lat'>173</span> 
     </span>
    </p>
   </div>
   <div class='ocr_carea' id='block_1_2' title="bbox 112 188 1400 2337">
    <p class='ocr_par' dir='ltr' id='par_1_2' title="bbox 112 188 1400 2337">
     <span class='ocr_line' id='line_1_2' title="bbox 173 188 1139 240; baseline -0.003 -11"><span class='ocrx_word' id='word_1_6' title='bbox 173 190 270 229; x_wconf 90' lang='lat' dir='ltr'>Cum</span> <span class='ocrx_word' id='word_1_7' title='bbox 301 188 429 227; x_wconf 89' lang='lat' dir='ltr'>subito</span> <span class='ocrx_word' id='word_1_8' title='bbox 461 189 591 239; x_wconf 85' lang='lat' dir='ltr'>pinnis</span> <span class='ocrx_word' id='word_1_9' title='bbox 624 190 789 239; x_wconf 89' lang='lat' dir='ltr'>agitatus</span> <span class='ocrx_word' id='word_1_10' title='bbox 821 188 1017 227; x_wconf 84' lang='lat' dir='ltr'>inhorruit</span> <span class='ocrx_word' id='word_1_11' title='bbox 1049 200 1139 240; x_wconf 89' lang='lat' dir='ltr'>aer,</span> 
     </span>
     <span class='ocr_line' id='line_1_3' title="bbox 112 247 1102 298; baseline -0.001 -12"><span class='ocrx_word' id='word_1_12' title='bbox 112 256 154 286; x_wconf 90' lang='lat'>10</span> <span class='ocrx_word' id='word_1_13' title='bbox 233 247 283 286; x_wconf 93' lang='lat' dir='ltr'>Et</span> <span class='ocrx_word' id='word_1_14' title='bbox 313 248 460 298; x_wconf 81' lang='lat' dir='ltr'>gemuit</span> <span class='ocrx_word' id='word_1_15' title='bbox 491 259 609 297; x_wconf 88' lang='lat' dir='ltr'>parvo</span> <span class='ocrx_word' id='word_1_16' title='bbox 643 252 746 285; x_wconf 90' lang='lat' dir='ltr'>mota</span> <span class='ocrx_word' id='word_1_17' title='bbox 778 247 949 285; x_wconf 82' lang='lat' dir='ltr'><strong>fenestra</strong></span> <span class='ocrx_word' id='word_1_18' title='bbox 982 258 1102 285; x_wconf 89' lang='lat' dir='ltr'>sono.</span> 
     </span>
     <span class='ocr_line' id='line_1_4' title="bbox 173 304 1390 356; baseline -0.002 -12"><span class='ocrx_word' id='word_1_19' title='bbox 173 306 351 344; x_wconf 81' lang='lat' dir='ltr'>Territus</span> <span class='ocrx_word' id='word_1_20' title='bbox 382 306 423 343; x_wconf 92' lang='lat' dir='ltr'>in</span> <span class='ocrx_word' id='word_1_21' title='bbox 457 304 632 343; x_wconf 90' lang='lat' dir='ltr'>cubitum</span> <span class='ocrx_word' id='word_1_22' title='bbox 664 305 792 343; x_wconf 87' lang='lat' dir='ltr'>relevo</span> <span class='ocrx_word' id='word_1_23' title='bbox 831 317 916 344; x_wconf 89' lang='lat' dir='ltr'>mea</span> <span class='ocrx_word' id='word_1_24' title='bbox 954 304 1128 343; x_wconf 88' lang='lat' dir='ltr'>membra</span> <span class='ocrx_word' id='word_1_25' title='bbox 1162 305 1390 356; x_wconf 86' lang='lat' dir='ltr'>sinistrum,</span> 
     </span>
     <span class='ocr_line' id='line_1_5' title="bbox 231 362 1200 414; baseline -0.001 -12"><span class='ocrx_word' id='word_1_26' title='bbox 231 363 372 402; x_wconf 91' lang='lat' dir='ltr'>Pulsus</span> <span class='ocrx_word' id='word_1_27' title='bbox 406 368 445 401; x_wconf 91' lang='lat' dir='ltr'>et</span> <span class='ocrx_word' id='word_1_28' title='bbox 476 375 497 401; x_wconf 90' lang='lat' dir='ltr'>e</span> <span class='ocrx_word' id='word_1_29' title='bbox 528 362 681 414; x_wconf 89' lang='lat' dir='ltr'>trepido</span> <span class='ocrx_word' id='word_1_30' title='bbox 714 368 873 414; x_wconf 82' lang='lat' dir='ltr'>pectore</span> <span class='ocrx_word' id='word_1_31' title='bbox 906 375 1066 402; x_wconf 89' lang='lat' dir='ltr'>somnus</span> <span class='ocrx_word' id='word_1_32' title='bbox 1099 362 1200 402; x_wconf 91' lang='lat' dir='ltr'>abit.</span> 
     </span>
     <span class='ocr_line' id='line_1_6' title="bbox 175 420 1311 473; baseline -0.001 -13"><span class='ocrx_word' id='word_1_33' title='bbox 175 421 309 460; x_wconf 80' lang='lat' dir='ltr'>Stabat</span> <span class='ocrx_word' id='word_1_34' title='bbox 339 422 487 473; x_wconf 87' lang='lat' dir='ltr'>Amor,</span> <span class='ocrx_word' id='word_1_35' title='bbox 519 421 628 460; x_wconf 91' lang='lat' dir='ltr'>vultu</span> <span class='ocrx_word' id='word_1_36' title='bbox 661 433 738 459; x_wconf 91' lang='lat' dir='ltr'>non</span> <span class='ocrx_word' id='word_1_37' title='bbox 772 433 847 472; x_wconf 94' lang='lat' dir='ltr'>quo</span> <span class='ocrx_word' id='word_1_38' title='bbox 879 423 989 472; x_wconf 91' lang='lat' dir='ltr'>prius</span> <span class='ocrx_word' id='word_1_39' title='bbox 1022 433 1107 459; x_wconf 90' lang='lat' dir='ltr'>esse</span> <span class='ocrx_word' id='word_1_40' title='bbox 1140 420 1311 472; x_wconf 83' lang='lat' dir='ltr'>solebat,</span> 
     </span>
     <span class='ocr_line' id='line_1_7' title="bbox 231 479 1181 530; baseline 0 -13"><span class='ocrx_word' id='word_1_41' title='bbox 231 479 371 518; x_wconf 88' lang='lat' dir='ltr'>Fulcra</span> <span class='ocrx_word' id='word_1_42' title='bbox 403 484 542 518; x_wconf 88' lang='lat' dir='ltr'>tenens</span> <span class='ocrx_word' id='word_1_43' title='bbox 574 479 678 518; x_wconf 91' lang='lat' dir='ltr'>laeva</span> <span class='ocrx_word' id='word_1_44' title='bbox 711 481 835 518; x_wconf 88' lang='lat' dir='ltr'>tristis</span> <span class='ocrx_word' id='word_1_45' title='bbox 868 491 1007 518; x_wconf 90' lang='lat' dir='ltr'>acerna</span> <span class='ocrx_word' id='word_1_46' title='bbox 1039 491 1181 530; x_wconf 83' lang='lat' dir='ltr'>manu,</span> 
     </span>
     <span class='ocr_line' id='line_1_8' title="bbox 113 536 1283 589; baseline -0.002 -12"><span class='ocrx_word' id='word_1_47' title='bbox 113 546 154 577; x_wconf 84' lang='lat'>15</span> <span class='ocrx_word' id='word_1_48' title='bbox 174 538 253 576; x_wconf 91' lang='lat' dir='ltr'>Nec</span> <span class='ocrx_word' id='word_1_49' title='bbox 285 543 466 588; x_wconf 80' lang='lat' dir='ltr'>torquem</span> <span class='ocrx_word' id='word_1_50' title='bbox 499 537 596 576; x_wconf 91' lang='lat' dir='ltr'>collo</span> <span class='ocrx_word' id='word_1_51' title='bbox 616 568 627 589; x_wconf 82' lang='grc'>,</span> <span class='ocrx_word' id='word_1_52' title='bbox 659 549 731 576; x_wconf 88' lang='lat' dir='ltr'>nec</span> <span class='ocrx_word' id='word_1_53' title='bbox 763 537 910 576; x_wconf 87' lang='lat' dir='ltr'>habens</span> <span class='ocrx_word' id='word_1_54' title='bbox 943 537 1087 576; x_wconf 83' lang='lat' dir='ltr'>crinale</span> <span class='ocrx_word' id='word_1_55' title='bbox 1121 536 1283 588; x_wconf 81' lang='lat' dir='ltr'>capillo,</span> 
     </span>
     <span class='ocr_line' id='line_1_9' title="bbox 231 595 1337 647; baseline -0.002 -13"><span class='ocrx_word' id='word_1_56' title='bbox 231 595 311 634; x_wconf 90' lang='lat' dir='ltr'>Nec</span> <span class='ocrx_word' id='word_1_57' title='bbox 342 596 442 634; x_wconf 89' lang='lat' dir='ltr'>bene</span> <span class='ocrx_word' id='word_1_58' title='bbox 475 596 684 647; x_wconf 90' lang='lat' dir='ltr'>dispositas</span> <span class='ocrx_word' id='word_1_59' title='bbox 717 601 926 647; x_wconf 90' lang='lat' dir='ltr'>comptus,</span> <span class='ocrx_word' id='word_1_60' title='bbox 959 601 1003 634; x_wconf 91' lang='lat' dir='ltr'>ut</span> <span class='ocrx_word' id='word_1_61' title='bbox 1033 601 1121 634; x_wconf 90' lang='lat' dir='ltr'>ante</span> <span class='ocrx_word' id='word_1_62' title='bbox 1141 627 1152 647; x_wconf 83' lang='lat'><em>‚</em></span> <span class='ocrx_word' id='word_1_63' title='bbox 1185 606 1337 633; x_wconf 87' lang='lat' dir='ltr'>comas.</span> 
     </span>
     <span class='ocr_line' id='line_1_10' title="bbox 175 653 1193 705; baseline -0.002 -12"><span class='ocrx_word' id='word_1_64' title='bbox 175 654 341 693; x_wconf 87' lang='lat' dir='ltr'>Horrida</span> <span class='ocrx_word' id='word_1_65' title='bbox 372 653 594 705; x_wconf 86' lang='lat' dir='ltr'>pendebant</span> <span class='ocrx_word' id='word_1_66' title='bbox 626 654 761 692; x_wconf 91' lang='lat' dir='ltr'>molles</span> <span class='ocrx_word' id='word_1_67' title='bbox 793 666 913 705; x_wconf 91' lang='lat' dir='ltr'>super</span> <span class='ocrx_word' id='word_1_68' title='bbox 944 665 1010 692; x_wconf 90' lang='lat' dir='ltr'>ora</span> <span class='ocrx_word' id='word_1_69' title='bbox 1042 653 1193 704; x_wconf 82' lang='lat' dir='ltr'>capilli,</span> 
     </span>
     <span class='ocr_line' id='line_1_11' title="bbox 231 712 1130 762; baseline -0.001 -11"><span class='ocrx_word' id='word_1_70' title='bbox 231 712 282 751; x_wconf 91' lang='lat' dir='ltr'>Et</span> <span class='ocrx_word' id='word_1_71' title='bbox 312 714 392 751; x_wconf 86' lang='lat' dir='ltr'>visa</span> <span class='ocrx_word' id='word_1_72' title='bbox 424 718 483 751; x_wconf 90' lang='lat' dir='ltr'>est</span> <span class='ocrx_word' id='word_1_73' title='bbox 515 712 637 751; x_wconf 89' lang='lat' dir='ltr'>oculis</span> <span class='ocrx_word' id='word_1_74' title='bbox 668 712 826 750; x_wconf 87' lang='lat' dir='ltr'>horrida</span> <span class='ocrx_word' id='word_1_75' title='bbox 858 713 976 762; x_wconf 90' lang='lat' dir='ltr'>pinna</span> <span class='ocrx_word' id='word_1_76' title='bbox 1009 713 1130 750; x_wconf 90' lang='lat' dir='ltr'>meis:</span> 
     </span>
     <span class='ocr_line' id='line_1_12' title="bbox 177 769 1187 821; baseline -0.002 -12"><span class='ocrx_word' id='word_1_77' title='bbox 177 771 308 816; x_wconf 91' lang='lat' dir='ltr'>Qualis</span> <span class='ocrx_word' id='word_1_78' title='bbox 339 772 379 809; x_wconf 90' lang='lat' dir='ltr'>in</span> <span class='ocrx_word' id='word_1_79' title='bbox 412 772 538 809; x_wconf 88' lang='lat' dir='ltr'>aeriae</span> <span class='ocrx_word' id='word_1_80' title='bbox 570 776 680 821; x_wconf 88' lang='lat' dir='ltr'>tergo</span> <span class='ocrx_word' id='word_1_81' title='bbox 714 770 813 809; x_wconf 90' lang='lat' dir='ltr'>solet</span> <span class='ocrx_word' id='word_1_82' title='bbox 844 782 930 808; x_wconf 90' lang='lat' dir='ltr'>esse</span> <span class='ocrx_word' id='word_1_83' title='bbox 963 769 1187 820; x_wconf 87' lang='lat' dir='ltr'>columbae,</span> 
     </span>
     <span class='ocr_line' id='line_1_13' title="bbox 113 829 1197 878; baseline -0.003 -10"><span class='ocrx_word' id='word_1_84' title='bbox 113 837 156 868; x_wconf 82' lang='lat'>20</span> <span class='ocrx_word' id='word_1_85' title='bbox 234 829 486 868; x_wconf 90' lang='lat' dir='ltr'>Tractantum</span> <span class='ocrx_word' id='word_1_86' title='bbox 518 829 660 867; x_wconf 88' lang='lat' dir='ltr'>multae</span> <span class='ocrx_word' id='word_1_87' title='bbox 694 840 809 878; x_wconf 90' lang='lat' dir='ltr'>quam</span> <span class='ocrx_word' id='word_1_88' title='bbox 841 829 1007 878; x_wconf 86' lang='lat' dir='ltr'>tetigere</span> <span class='ocrx_word' id='word_1_89' title='bbox 1040 839 1197 865; x_wconf 90' lang='lat' dir='ltr'>manus.</span> 
     </span>
     <span class='ocr_line' id='line_1_14' title="bbox 176 884 1393 938; baseline -0.001 -13"><span class='ocrx_word' id='word_1_90' title='bbox 176 887 287 926; x_wconf 85' lang='lat' dir='ltr'>Iquc</span> <span class='ocrx_word' id='word_1_91' title='bbox 315 888 428 926; x_wconf 90' lang='lat' dir='ltr'>simul</span> <span class='ocrx_word' id='word_1_92' title='bbox 450 888 613 938; x_wconf 87' lang='lat' dir='ltr'>agnovi,</span> <span class='ocrx_word' id='word_1_93' title='bbox 644 898 772 937; x_wconf 91' lang='lat' dir='ltr'>neque</span> <span class='ocrx_word' id='word_1_94' title='bbox 800 887 902 924; x_wconf 90' lang='lat' dir='ltr'>enim</span> <span class='ocrx_word' id='word_1_95' title='bbox 930 885 1023 924; x_wconf 90' lang='lat' dir='ltr'>mihi</span> <span class='ocrx_word' id='word_1_96' title='bbox 1049 887 1178 924; x_wconf 90' lang='lat' dir='ltr'>notior</span> <span class='ocrx_word' id='word_1_97' title='bbox 1199 884 1315 936; x_wconf 86' lang='lat' dir='ltr'>alter,</span> <span class='ocrx_word' id='word_1_98' title='bbox 1336 892 1393 925; x_wconf 81' lang='lat'>(85)</span> 
     </span>
     <span class='ocr_line' id='line_1_15' title="bbox 234 943 1116 995; baseline -0.001 -12"><span class='ocrx_word' id='word_1_99' title='bbox 234 945 392 984; x_wconf 88' lang='lat' dir='ltr'>Talibus</span> <span class='ocrx_word' id='word_1_100' title='bbox 424 945 550 983; x_wconf 87' lang='lat' dir='ltr'>adfata</span> <span class='ocrx_word' id='word_1_101' title='bbox 582 950 641 983; x_wconf 92' lang='lat' dir='ltr'>est</span> <span class='ocrx_word' id='word_1_102' title='bbox 671 944 793 983; x_wconf 88' lang='lat' dir='ltr'>libera</span> <span class='ocrx_word' id='word_1_103' title='bbox 824 943 955 995; x_wconf 89' lang='lat' dir='ltr'>lingua</span> <span class='ocrx_word' id='word_1_104' title='bbox 987 945 1116 982; x_wconf 91' lang='lat' dir='ltr'>sonis:</span> 
     </span>
     <span class='ocr_line' id='line_1_16' title="bbox 178 1001 1112 1056; baseline -0.002 -14"><span class='ocrx_word' id='word_1_105' title='bbox 178 1001 230 1042; x_wconf 76' lang='lat' dir='ltr'>‘O</span> <span class='ocrx_word' id='word_1_106' title='bbox 263 1015 390 1056; x_wconf 90' lang='lat' dir='ltr'>puer,</span> <span class='ocrx_word' id='word_1_107' title='bbox 423 1003 527 1042; x_wconf 84' lang='lat' dir='ltr'>exilii</span> <span class='ocrx_word' id='word_1_108' title='bbox 559 1003 722 1053; x_wconf 89' lang='lat' dir='ltr'>decepto</span> <span class='ocrx_word' id='word_1_109' title='bbox 755 1014 871 1041; x_wconf 85' lang='lat' dir='ltr'>causa</span> <span class='ocrx_word' id='word_1_110' title='bbox 902 1003 1112 1053; x_wconf 83' lang='lat' dir='ltr'>magistro,</span> 
     </span>
     <span class='ocr_line' id='line_1_17' title="bbox 236 1060 1105 1106; baseline -0.003 -5"><span class='ocrx_word' id='word_1_111' title='bbox 236 1061 360 1106; x_wconf 84' lang='lat' dir='ltr'>Quem</span> <span class='ocrx_word' id='word_1_112' title='bbox 393 1062 466 1100; x_wconf 82' lang='lat' dir='ltr'>fuit</span> <span class='ocrx_word' id='word_1_113' title='bbox 497 1061 632 1100; x_wconf 88' lang='lat' dir='ltr'>utilius</span> <span class='ocrx_word' id='word_1_114' title='bbox 664 1073 741 1099; x_wconf 89' lang='lat' dir='ltr'>non</span> <span class='ocrx_word' id='word_1_115' title='bbox 774 1061 954 1099; x_wconf 87' lang='lat' dir='ltr'>docuisse</span> <span class='ocrx_word' id='word_1_116' title='bbox 987 1060 1105 1099; x_wconf 87' lang='lat' dir='ltr'>mihi!</span> 
     </span>
     <span class='ocr_line' id='line_1_18' title="bbox 113 1117 1316 1171; baseline -0.002 -12"><span class='ocrx_word' id='word_1_117' title='bbox 113 1128 156 1159; x_wconf 80' lang='lat'>25</span> <span class='ocrx_word' id='word_1_118' title='bbox 177 1120 261 1159; x_wconf 91' lang='lat' dir='ltr'>Huc</span> <span class='ocrx_word' id='word_1_119' title='bbox 294 1132 449 1171; x_wconf 89' lang='lat' dir='ltr'>quoque</span> <span class='ocrx_word' id='word_1_120' title='bbox 481 1121 650 1171; x_wconf 90' lang='lat' dir='ltr'>venisti,</span> <span class='ocrx_word' id='word_1_121' title='bbox 681 1131 754 1170; x_wconf 85' lang='lat' dir='ltr'>pax</span> <span class='ocrx_word' id='word_1_122' title='bbox 787 1125 846 1158; x_wconf 87' lang='lat' dir='ltr'>est</span> <span class='ocrx_word' id='word_1_123' title='bbox 877 1118 945 1157; x_wconf 90' lang='lat' dir='ltr'>ubi</span> <span class='ocrx_word' id='word_1_124' title='bbox 976 1124 1152 1170; x_wconf 85' lang='lat' dir='ltr'>tempore</span> <span class='ocrx_word' id='word_1_125' title='bbox 1185 1117 1316 1169; x_wconf 81' lang='lat' dir='ltr'>nullo,</span> 
     </span>
     <span class='ocr_line' id='line_1_19' title="bbox 237 1174 1161 1227; baseline -0.002 -10"><span class='ocrx_word' id='word_1_126' title='bbox 237 1178 287 1216; x_wconf 90' lang='lat' dir='ltr'>Et</span> <span class='ocrx_word' id='word_1_127' title='bbox 318 1180 395 1217; x_wconf 90' lang='lat' dir='ltr'>coit</span> <span class='ocrx_word' id='word_1_128' title='bbox 427 1179 597 1217; x_wconf 90' lang='lat' dir='ltr'>astrictis</span> <span class='ocrx_word' id='word_1_129' title='bbox 628 1177 818 1216; x_wconf 87' lang='lat' dir='ltr'>barbarus</span> <span class='ocrx_word' id='word_1_130' title='bbox 850 1176 982 1216; x_wconf 87' lang='lat' dir='ltr'>Hister</span> <span class='ocrx_word' id='word_1_131' title='bbox 1014 1174 1161 1227; x_wconf 86' lang='lat' dir='ltr'>aquis‘?</span> 
     </span>
     <span class='ocr_line' id='line_1_20' title="bbox 180 1231 1395 1282; baseline -0.003 -6"><span class='ocrx_word' id='word_1_132' title='bbox 180 1237 285 1282; x_wconf 89' lang='lat' dir='ltr'>Quae</span> <span class='ocrx_word' id='word_1_133' title='bbox 318 1236 389 1275; x_wconf 89' lang='lat' dir='ltr'>tibi</span> <span class='ocrx_word' id='word_1_134' title='bbox 421 1248 536 1275; x_wconf 87' lang='lat' dir='ltr'>causa</span> <span class='ocrx_word' id='word_1_135' title='bbox 566 1237 648 1274; x_wconf 90' lang='lat' dir='ltr'>viae</span> <span class='ocrx_word' id='word_1_136' title='bbox 668 1234 690 1274; x_wconf 71' lang='grc' dir='ltr'>ἶ)</span> <span class='ocrx_word' id='word_1_137' title='bbox 721 1237 795 1274; x_wconf 90' lang='lat' dir='ltr'>nisi</span> <span class='ocrx_word' id='word_1_138' title='bbox 827 1237 885 1274; x_wconf 92' lang='lat' dir='ltr'>uti</span> <span class='ocrx_word' id='word_1_139' title='bbox 911 1235 1008 1274; x_wconf 91' lang='lat' dir='ltr'>mala</span> <span class='ocrx_word' id='word_1_140' title='bbox 1040 1240 1175 1273; x_wconf 86' lang='lat' dir='ltr'>nostra</span> <span class='ocrx_word' id='word_1_141' title='bbox 1207 1231 1395 1273; x_wconf 85' lang='lat' dir='ltr'>videres?</span> 
     </span>
     <span class='ocr_line' id='line_1_21' title="bbox 241 1293 1101 1346; baseline -0.003 -12"><span class='ocrx_word' id='word_1_142' title='bbox 241 1294 347 1340; x_wconf 88' lang='lat' dir='ltr'>Quae</span> <span class='ocrx_word' id='word_1_143' title='bbox 380 1301 499 1346; x_wconf 83' lang='lat' dir='ltr'>sunt,</span> <span class='ocrx_word' id='word_1_144' title='bbox 532 1296 564 1333; x_wconf 91' lang='lat' dir='ltr'>si</span> <span class='ocrx_word' id='word_1_145' title='bbox 595 1295 724 1332; x_wconf 92' lang='lat' dir='ltr'>nescis</span> <span class='ocrx_word' id='word_1_146' title='bbox 744 1325 754 1345; x_wconf 85' lang='lat'><em>,</em></span> <span class='ocrx_word' id='word_1_147' title='bbox 785 1293 974 1332; x_wconf 90' lang='lat' dir='ltr'>invidiosa</span> <span class='ocrx_word' id='word_1_148' title='bbox 1006 1293 1101 1332; x_wconf 88' lang='lat' dir='ltr'>tibi.</span> 
     </span>
     <span class='ocr_line' id='line_1_22' title="bbox 180 1352 1185 1402; baseline -0.002 -11"><span class='ocrx_word' id='word_1_149' title='bbox 180 1354 239 1393; x_wconf 89' lang='lat' dir='ltr'>Tu</span> <span class='ocrx_word' id='word_1_150' title='bbox 270 1353 365 1392; x_wconf 88' lang='lat' dir='ltr'>mihi</span> <span class='ocrx_word' id='word_1_151' title='bbox 397 1353 551 1392; x_wconf 84' lang='lat' dir='ltr'>dictasti</span> <span class='ocrx_word' id='word_1_152' title='bbox 582 1352 772 1391; x_wconf 86' lang='lat' dir='ltr'>iuvenalia</span> <span class='ocrx_word' id='word_1_153' title='bbox 804 1353 975 1390; x_wconf 90' lang='lat' dir='ltr'>carmina</span> <span class='ocrx_word' id='word_1_154' title='bbox 1006 1353 1185 1402; x_wconf 89' lang='lat' dir='ltr'>primus:</span> 
     </span>
     <span class='ocr_line' id='line_1_23' title="bbox 118 1410 1132 1463; baseline -0.003 -12"><span class='ocrx_word' id='word_1_155' title='bbox 118 1421 160 1451; x_wconf 84' lang='lat'>30</span> <span class='ocrx_word' id='word_1_156' title='bbox 240 1412 414 1463; x_wconf 87' lang='lat' dir='ltr'>Apposui</span> <span class='ocrx_word' id='word_1_157' title='bbox 446 1413 550 1450; x_wconf 90' lang='lat' dir='ltr'>senis</span> <span class='ocrx_word' id='word_1_158' title='bbox 581 1417 620 1449; x_wconf 91' lang='lat' dir='ltr'>te</span> <span class='ocrx_word' id='word_1_159' title='bbox 652 1411 751 1449; x_wconf 91' lang='lat' dir='ltr'>duce</span> <span class='ocrx_word' id='word_1_160' title='bbox 784 1411 956 1461; x_wconf 90' lang='lat' dir='ltr'>quinque</span> <span class='ocrx_word' id='word_1_161' title='bbox 988 1410 1132 1460; x_wconf 86' lang='lat' dir='ltr'>pedes.</span> 
     </span>
     <span class='ocr_line' id='line_1_24' title="bbox 182 1469 1257 1519; baseline -0.002 -11"><span class='ocrx_word' id='word_1_162' title='bbox 182 1469 260 1509; x_wconf 90' lang='lat' dir='ltr'>Nec</span> <span class='ocrx_word' id='word_1_163' title='bbox 292 1482 353 1508; x_wconf 86' lang='lat' dir='ltr'>me</span> <span class='ocrx_word' id='word_1_164' title='bbox 385 1469 560 1508; x_wconf 89' lang='lat' dir='ltr'>Maeonio</span> <span class='ocrx_word' id='word_1_165' title='bbox 593 1480 832 1519; x_wconf 84' lang='lat' dir='ltr'>consurgere</span> <span class='ocrx_word' id='word_1_166' title='bbox 865 1469 1061 1519; x_wconf 85' lang='lat' dir='ltr'>carmine,</span> <span class='ocrx_word' id='word_1_167' title='bbox 1093 1480 1165 1506; x_wconf 91' lang='lat' dir='ltr'>nec</span> <span class='ocrx_word' id='word_1_168' title='bbox 1197 1479 1257 1506; x_wconf 90' lang='lat' dir='ltr'>me</span> 
     </span>
     <span class='ocr_line' id='line_1_25' title="bbox 239 1527 1195 1578; baseline -0.003 -11"><span class='ocrx_word' id='word_1_169' title='bbox 239 1528 376 1567; x_wconf 82' lang='lat' dir='ltr'>Dicere</span> <span class='ocrx_word' id='word_1_170' title='bbox 408 1539 638 1578; x_wconf 89' lang='lat' dir='ltr'>magnorum</span> <span class='ocrx_word' id='word_1_171' title='bbox 669 1539 808 1578; x_wconf 91' lang='lat' dir='ltr'>passus</span> <span class='ocrx_word' id='word_1_172' title='bbox 840 1538 882 1564; x_wconf 91' lang='lat' dir='ltr'>es</span> <span class='ocrx_word' id='word_1_173' title='bbox 914 1532 998 1565; x_wconf 88' lang='lat' dir='ltr'>acta</span> <span class='ocrx_word' id='word_1_174' title='bbox 1029 1527 1195 1565; x_wconf 90' lang='lat' dir='ltr'>ducum.</span> 
     </span>
     <span class='ocr_line' id='line_1_26' title="bbox 182 1585 1299 1637; baseline -0.004 -12"><span class='ocrx_word' id='word_1_175' title='bbox 182 1586 361 1625; x_wconf 88' lang='lat' dir='ltr'>Forsitan</span> <span class='ocrx_word' id='word_1_176' title='bbox 393 1589 580 1637; x_wconf 85' lang='lat' dir='ltr'>exiguas,</span> <span class='ocrx_word' id='word_1_177' title='bbox 612 1585 759 1636; x_wconf 89' lang='lat' dir='ltr'>aliquas</span> <span class='ocrx_word' id='word_1_178' title='bbox 791 1591 920 1623; x_wconf 91' lang='lat' dir='ltr'>tamen</span> <span class='ocrx_word' id='word_1_179' title='bbox 940 1616 951 1636; x_wconf 85' lang='lat'><em>‚</em></span> <span class='ocrx_word' id='word_1_180' title='bbox 983 1596 1097 1624; x_wconf 92' lang='lat' dir='ltr'>arcus</span> <span class='ocrx_word' id='word_1_181' title='bbox 1129 1589 1168 1622; x_wconf 92' lang='lat' dir='ltr'>et</span> <span class='ocrx_word' id='word_1_182' title='bbox 1199 1585 1299 1635; x_wconf 87' lang='lat' dir='ltr'>ignis</span> 
     </span>
     <span class='ocr_line' id='line_1_27' title="bbox 240 1644 952 1696; baseline -0.004 -12"><span class='ocrx_word' id='word_1_183' title='bbox 240 1645 388 1696; x_wconf 83' lang='lat' dir='ltr'>Ingenii</span> <span class='ocrx_word' id='word_1_184' title='bbox 419 1646 522 1683; x_wconf 88' lang='lat' dir='ltr'>vires</span> <span class='ocrx_word' id='word_1_185' title='bbox 554 1646 819 1683; x_wconf 87' lang='lat' dir='ltr'>comminuere</span> <span class='ocrx_word' id='word_1_186' title='bbox 852 1644 952 1682; x_wconf 88' lang='lat' dir='ltr'>mei.</span> 
     </span>
     <span class='ocr_line' id='line_1_28' title="bbox 121 1701 1397 1754; baseline -0.002 -12"><span class='ocrx_word' id='word_1_187' title='bbox 121 1712 164 1742; x_wconf 87' lang='lat'>35</span> <span class='ocrx_word' id='word_1_188' title='bbox 184 1703 357 1754; x_wconf 87' lang='lat' dir='ltr'>Namque</span> <span class='ocrx_word' id='word_1_189' title='bbox 389 1715 459 1754; x_wconf 87' lang='lat' dir='ltr'>ego</span> <span class='ocrx_word' id='word_1_190' title='bbox 487 1703 579 1742; x_wconf 89' lang='lat' dir='ltr'>dum</span> <span class='ocrx_word' id='word_1_191' title='bbox 611 1708 723 1741; x_wconf 87' lang='lat' dir='ltr'>canto</span> <span class='ocrx_word' id='word_1_192' title='bbox 756 1707 820 1741; x_wconf 92' lang='lat' dir='ltr'>tua</span> <span class='ocrx_word' id='word_1_193' title='bbox 854 1714 973 1752; x_wconf 89' lang='lat' dir='ltr'>regna</span> <span class='ocrx_word' id='word_1_194' title='bbox 1004 1706 1172 1752; x_wconf 87' lang='lat' dir='ltr'>tuaeque</span> <span class='ocrx_word' id='word_1_195' title='bbox 1204 1701 1397 1753; x_wconf 87' lang='lat' dir='ltr'>parentis,</span> 
     </span>
     <span class='ocr_line' id='line_1_29' title="bbox 242 1760 1233 1811; baseline -0.002 -11"><span class='ocrx_word' id='word_1_196' title='bbox 242 1761 285 1800; x_wconf 93' lang='lat' dir='ltr'>In</span> <span class='ocrx_word' id='word_1_197' title='bbox 315 1761 465 1800; x_wconf 90' lang='lat' dir='ltr'>nullum</span> <span class='ocrx_word' id='word_1_198' title='bbox 497 1773 581 1799; x_wconf 88' lang='lat' dir='ltr'>mea</span> <span class='ocrx_word' id='word_1_199' title='bbox 613 1773 722 1799; x_wconf 88' lang='lat' dir='ltr'>mens</span> <span class='ocrx_word' id='word_1_200' title='bbox 755 1760 900 1811; x_wconf 84' lang='lat' dir='ltr'>grande</span> <span class='ocrx_word' id='word_1_201' title='bbox 933 1762 1079 1799; x_wconf 89' lang='lat' dir='ltr'>vacavit</span> <span class='ocrx_word' id='word_1_202' title='bbox 1112 1772 1233 1810; x_wconf 91' lang='lat' dir='ltr'>opus.</span> 
     </span>
     <span class='ocr_line' id='line_1_30' title="bbox 184 1818 1398 1869; baseline -0.002 -11"><span class='ocrx_word' id='word_1_203' title='bbox 184 1820 263 1858; x_wconf 91' lang='lat' dir='ltr'>Nec</span> <span class='ocrx_word' id='word_1_204' title='bbox 296 1821 388 1858; x_wconf 90' lang='lat' dir='ltr'>satis</span> <span class='ocrx_word' id='word_1_205' title='bbox 420 1820 493 1858; x_wconf 94' lang='lat' dir='ltr'>hoc</span> <span class='ocrx_word' id='word_1_206' title='bbox 524 1820 679 1858; x_wconf 89' lang='lat' dir='ltr'>fuerat.</span> <span class='ocrx_word' id='word_1_207' title='bbox 736 1818 855 1857; x_wconf 92' lang='lat' dir='ltr'>stulto</span> <span class='ocrx_word' id='word_1_208' title='bbox 895 1830 1051 1869; x_wconf 88' lang='lat' dir='ltr'>quoque</span> <span class='ocrx_word' id='word_1_209' title='bbox 1090 1819 1261 1857; x_wconf 85' lang='lat' dir='ltr'>carmine</span> <span class='ocrx_word' id='word_1_210' title='bbox 1300 1818 1398 1869; x_wconf 83' lang='lat' dir='ltr'>feci,</span> 
     </span>
     <span class='ocr_line' id='line_1_31' title="bbox 241 1865 1166 1929; baseline -0.002 -12"><span class='ocrx_word' id='word_1_211' title='bbox 241 1878 401 1917; x_wconf 88' lang='lat' dir='ltr'>Artibus</span> <span class='ocrx_word' id='word_1_212' title='bbox 433 1883 477 1916; x_wconf 90' lang='lat' dir='ltr'>ut</span> <span class='ocrx_word' id='word_1_213' title='bbox 507 1865 651 1929; x_wconf 75' lang='lat' dir='ltr'>posses¹</span> <span class='ocrx_word' id='word_1_214' title='bbox 677 1889 755 1916; x_wconf 90' lang='lat' dir='ltr'>non</span> <span class='ocrx_word' id='word_1_215' title='bbox 785 1876 895 1915; x_wconf 93' lang='lat' dir='ltr'>rudis</span> <span class='ocrx_word' id='word_1_216' title='bbox 928 1889 1013 1915; x_wconf 91' lang='lat' dir='ltr'>esse</span> <span class='ocrx_word' id='word_1_217' title='bbox 1046 1878 1166 1915; x_wconf 86' lang='lat' dir='ltr'>meis.</span> 
     </span>
     <span class='ocr_line' id='line_1_32' title="bbox 184 1935 1317 1988; baseline -0.002 -13"><span class='ocrx_word' id='word_1_218' title='bbox 184 1936 259 1975; x_wconf 91' lang='lat' dir='ltr'>Pro</span> <span class='ocrx_word' id='word_1_219' title='bbox 292 1936 434 1988; x_wconf 90' lang='lat' dir='ltr'>quibus</span> <span class='ocrx_word' id='word_1_220' title='bbox 466 1936 624 1975; x_wconf 84' lang='lat' dir='ltr'>exilium</span> <span class='ocrx_word' id='word_1_221' title='bbox 656 1936 800 1974; x_wconf 90' lang='lat' dir='ltr'>misero</span> <span class='ocrx_word' id='word_1_222' title='bbox 833 1935 927 1973; x_wconf 91' lang='lat' dir='ltr'>mihi</span> <span class='ocrx_word' id='word_1_223' title='bbox 959 1935 1111 1973; x_wconf 90' lang='lat' dir='ltr'>reddita</span> <span class='ocrx_word' id='word_1_224' title='bbox 1142 1946 1317 1986; x_wconf 87' lang='lat' dir='ltr'>merces,</span> 
     </span>
     <span class='ocr_line' id='line_1_33' title="bbox 123 1993 1227 2046; baseline -0.002 -13"><span class='ocrx_word' id='word_1_225' title='bbox 123 2002 167 2033; x_wconf 81' lang='lat'>40</span> <span class='ocrx_word' id='word_1_226' title='bbox 245 1995 285 2033; x_wconf 92' lang='lat' dir='ltr'>Id</span> <span class='ocrx_word' id='word_1_227' title='bbox 320 2007 474 2046; x_wconf 88' lang='lat' dir='ltr'>quoque</span> <span class='ocrx_word' id='word_1_228' title='bbox 506 1996 546 2033; x_wconf 92' lang='lat' dir='ltr'>in</span> <span class='ocrx_word' id='word_1_229' title='bbox 579 1995 763 2034; x_wconf 85' lang='lat' dir='ltr'>extremis</span> <span class='ocrx_word' id='word_1_230' title='bbox 796 1999 835 2032; x_wconf 88' lang='lat' dir='ltr'>et</span> <span class='ocrx_word' id='word_1_231' title='bbox 867 1994 950 2032; x_wconf 91' lang='lat' dir='ltr'>sine</span> <span class='ocrx_word' id='word_1_232' title='bbox 981 2005 1076 2044; x_wconf 88' lang='lat' dir='ltr'>pace</span> <span class='ocrx_word' id='word_1_233' title='bbox 1109 1993 1227 2031; x_wconf 93' lang='lat' dir='ltr'>locis.</span> 
     </span>
     <span class='ocr_line' id='line_1_34' title="bbox 186 2051 1230 2103; baseline -0.003 -11"><span class='ocrx_word' id='word_1_234' title='bbox 186 2054 234 2092; x_wconf 83' lang='lat' dir='ltr'>At</span> <span class='ocrx_word' id='word_1_235' title='bbox 264 2066 342 2092; x_wconf 89' lang='lat' dir='ltr'>non</span> <span class='ocrx_word' id='word_1_236' title='bbox 375 2053 582 2092; x_wconf 91' lang='lat' dir='ltr'>Chionides</span> <span class='ocrx_word' id='word_1_237' title='bbox 614 2052 828 2103; x_wconf 87' lang='lat' dir='ltr'>Eumolpus</span> <span class='ocrx_word' id='word_1_238' title='bbox 860 2053 900 2090; x_wconf 89' lang='lat' dir='ltr'>in</span> <span class='ocrx_word' id='word_1_239' title='bbox 933 2051 1086 2102; x_wconf 88' lang='lat' dir='ltr'>Orphea</span> <span class='ocrx_word' id='word_1_240' title='bbox 1119 2051 1230 2103; x_wconf 87' lang='lat' dir='ltr'>talis,</span> 
     </span>
     <span class='ocr_line' id='line_1_35' title="bbox 244 2109 1262 2162; baseline -0.003 -12"><span class='ocrx_word' id='word_1_241' title='bbox 244 2111 287 2150; x_wconf 92' lang='lat' dir='ltr'>In</span> <span class='ocrx_word' id='word_1_242' title='bbox 318 2112 470 2162; x_wconf 87' lang='lat' dir='ltr'>Phryga</span> <span class='ocrx_word' id='word_1_243' title='bbox 502 2124 574 2150; x_wconf 87' lang='lat' dir='ltr'>nec</span> <span class='ocrx_word' id='word_1_244' title='bbox 608 2111 787 2162; x_wconf 86' lang='lat' dir='ltr'>Satyrum</span> <span class='ocrx_word' id='word_1_245' title='bbox 819 2110 905 2149; x_wconf 92' lang='lat' dir='ltr'>talis</span> <span class='ocrx_word' id='word_1_246' title='bbox 938 2109 1124 2161; x_wconf 84' lang='lat' dir='ltr'>Olympus</span> <span class='ocrx_word' id='word_1_247' title='bbox 1157 2115 1262 2148; x_wconf 89' lang='lat' dir='ltr'>erat.</span> 
     </span>
     <span class='ocr_line' id='line_1_36' title="bbox 186 2168 1400 2220; baseline 0.001 -12"><span class='ocrx_word' id='word_1_248' title='bbox 186 2169 362 2208; x_wconf 88' lang='lat' dir='ltr'>Praemia</span> <span class='ocrx_word' id='word_1_249' title='bbox 393 2182 465 2208; x_wconf 91' lang='lat' dir='ltr'>nec</span> <span class='ocrx_word' id='word_1_250' title='bbox 498 2169 643 2208; x_wconf 88' lang='lat' dir='ltr'>Chiron</span> <span class='ocrx_word' id='word_1_251' title='bbox 675 2169 721 2207; x_wconf 90' lang='lat' dir='ltr'>ab</span> <span class='ocrx_word' id='word_1_252' title='bbox 753 2169 899 2207; x_wconf 90' lang='lat' dir='ltr'>Achille</span> <span class='ocrx_word' id='word_1_253' title='bbox 933 2168 1021 2206; x_wconf 88' lang='lat' dir='ltr'>talia</span> <span class='ocrx_word' id='word_1_254' title='bbox 1054 2169 1180 2220; x_wconf 85' lang='lat' dir='ltr'>cepit;</span> <span class='ocrx_word' id='word_1_255' title='bbox 1344 2177 1400 2209; x_wconf 87' lang='lat'>(86)</span> 
     </span>
     <span class='ocr_line' id='line_1_37' title="bbox 247 2226 1270 2279; baseline -0.002 -13"><span class='ocrx_word' id='word_1_256' title='bbox 247 2228 564 2279; x_wconf 81' lang='lat' dir='ltr'>Pythagoraeque</span> <span class='ocrx_word' id='word_1_257' title='bbox 597 2229 729 2267; x_wconf 88' lang='lat' dir='ltr'>ferunt</span> <span class='ocrx_word' id='word_1_258' title='bbox 760 2239 838 2266; x_wconf 89' lang='lat' dir='ltr'>non</span> <span class='ocrx_word' id='word_1_259' title='bbox 871 2228 1051 2265; x_wconf 89' lang='lat' dir='ltr'>nocuisse</span> <span class='ocrx_word' id='word_1_260' title='bbox 1083 2226 1270 2265; x_wconf 84' lang='lat' dir='ltr'>Numam.</span> 
     </span>
     <span class='ocr_line' id='line_1_38' title="bbox 125 2285 1335 2337; baseline -0.001 -13"><span class='ocrx_word' id='word_1_261' title='bbox 125 2292 169 2324; x_wconf 87' lang='lat'>45</span> <span class='ocrx_word' id='word_1_262' title='bbox 189 2286 352 2325; x_wconf 89' lang='lat' dir='ltr'>Nomina</span> <span class='ocrx_word' id='word_1_263' title='bbox 382 2298 459 2326; x_wconf 91' lang='lat' dir='ltr'>neu</span> <span class='ocrx_word' id='word_1_264' title='bbox 491 2287 658 2326; x_wconf 86' lang='lat' dir='ltr'>referam</span> <span class='ocrx_word' id='word_1_265' title='bbox 690 2286 848 2337; x_wconf 88' lang='lat' dir='ltr'>longum</span> <span class='ocrx_word' id='word_1_266' title='bbox 881 2285 1040 2324; x_wconf 87' lang='lat' dir='ltr'>collecta</span> <span class='ocrx_word' id='word_1_267' title='bbox 1073 2297 1143 2337; x_wconf 88' lang='lat' dir='ltr'>per</span> <span class='ocrx_word' id='word_1_268' title='bbox 1176 2297 1335 2336; x_wconf 83' lang='lat' dir='ltr'>aevum,</span> 
     </span>
    </p>
   </div>
  </div>
 </body>
</html>
