1601 2484
1420 74 1453 109 V

121 167 265 220 saeculi
296 182 426 231 quarti
457 183 525 220 aut
558 182 700 231 quinti:
733 195 848 231 quem
880 182 1063 221 credibile
1095 183 1198 222 foret
1223 183 1452 222 Horatianis

122 242 162 278 et
181 240 420 289 Vergilianis
448 240 613 278 similem
641 241 774 289 spuria
799 243 946 290 vetera,
973 241 1146 280 difficilia
1171 242 1345 290 inventU,
1372 254 1450 280 ser-

119 311 244 347 vasse,
277 298 344 336 sed
375 300 545 337 alterum
576 301 731 337 tantum
762 300 937 338 noviciae
972 299 1133 350 originis
1160 300 1368 338 omissione
1394 302 1450 338 in-

119 356 350 395 dicaturum.

237 415 336 454 Sunt
377 415 495 453 etiam
532 415 573 453 in
610 416 683 454 hoc
714 416 911 454 volumine
943 428 1043 465 quae
1073 429 1152 454 non
1184 417 1321 456 eodem
1354 430 1449 456 aevo

118 474 295 523 prodisse
326 473 550 523 videantur,
584 486 627 512 ac
659 475 850 512 librorum
880 475 1036 513 bonitas
1061 478 1220 523 poterat
1245 476 1292 514 de
1317 477 1449 514 arche-

117 535 214 582 typo
253 533 470 571 admonere.
545 532 612 570 sed
650 534 807 583 cognati
847 532 913 582 qui
951 532 1026 571 dici
1062 526 1231 582 possint,
1275 537 1450 582 praeter-

117 603 235 639 quam
261 591 513 630 Ponticorum
544 592 612 640 qui
643 603 682 629 se
710 591 917 640 excipiunt,
951 603 998 629 ex
1029 592 1134 629 omni
1163 604 1326 631 numero
1353 592 1449 630 duos

115 661 194 687 non
229 649 401 698 invenio,
438 650 583 687 nedum
620 662 643 688 a
681 651 835 688 saeculo
872 649 1008 698 quinto
1047 650 1113 699 qui
1150 652 1381 699 repetantur
1413 653 1452 688 et

116 708 320 757 archetypi
346 708 517 757 effigiem
542 709 788 747 resuscitent.
862 708 968 746 aliud
995 708 1212 758 observavi,
1245 709 1348 758 quod
1373 722 1452 747 non

117 767 267 815 aliquot
304 767 485 805 carminis
524 767 687 805 alicuius
725 765 901 805 codicum
938 766 1160 817 affinitatis,
1201 768 1268 805 sed
1305 768 1451 806 veteris

118 825 319 863 cuiusdam
351 838 512 874 operum
543 825 786 864 contubernii
819 825 1147 875 significationem
1172 826 1269 863 mihi
1293 826 1450 874 habeat,

115 896 186 922 nec
223 884 337 922 unius
375 884 580 933 archetypi
617 884 964 922 conformationem
1001 884 1105 933 quod
1142 884 1338 934 designet,
1384 885 1452 923 sed

117 943 421 991 archetyporum
460 943 632 980 omnium
665 955 754 980 eum
785 942 981 991 habitum,
1019 942 1067 980 de
1099 955 1175 992 quo
1209 944 1451 993 quaerimus3

115 1013 186 1039 nec
211 1002 368 1039 tantum
392 1001 736 1050 interpolationem
762 1000 969 1050 duplicem,
1002 1014 1101 1050 quae
1128 1002 1180 1039 sit
1204 1003 1310 1040 ultra
1335 1003 1450 1040 citra-

116 1071 189 1108 que
216 1060 415 1097 saeculum
440 1060 631 1108 quintum,
658 1060 726 1098 sed
750 1060 910 1098 tertiam
937 1060 1241 1109 archetyporum
1260 1062 1447 1109 ipsorum.

117 1119 315 1167 singulare
359 1120 420 1156 est
462 1130 506 1156 ac
543 1130 704 1167 prorsus
748 1118 975 1167 fortuitum,
1017 1131 1095 1156 non
1138 1118 1241 1168 quod
1278 1119 1328 1156 ad
1366 1119 1452 1157 aevi

119 1177 387 1215 obscurissimi
430 1177 691 1215 reconditiora
731 1177 997 1225 pernoscenda
1045 1177 1214 1215 multum
1264 1177 1450 1226 conferat,

120 1235 188 1272 sed
232 1235 334 1284 quod
379 1235 663 1284 propemodum
706 1235 874 1274 sufficiet
910 1235 961 1273 ad
999 1248 1060 1283 ea,
1108 1248 1209 1285 quae
1259 1236 1300 1273 in
1339 1249 1452 1285 prae-

119 1293 219 1331 senti
248 1294 542 1342 ingravescunt,
575 1293 727 1332 utiliter
758 1293 1007 1343 expedienda.

235 1352 413 1389 Antehac
445 1364 630 1391 versuum
656 1352 1033 1401 proscribendorum,
1067 1351 1330 1391 eiciendorum
1355 1353 1451 1402 legi-

116 1409 214 1447 tima
244 1410 344 1448 ratio
375 1411 485 1448 nulla
511 1412 606 1459 erat,
638 1410 713 1448 nisi
738 1411 806 1448 ubi
831 1411 970 1448 idoneo
997 1414 1232 1460 suppetente
1258 1415 1452 1461 apparatu

117 1469 183 1517 qui
215 1468 397 1506 adessent
426 1469 468 1506 in
498 1468 782 1506 recentioribus
813 1469 937 1518 libris,
967 1469 1150 1507 abessent
1182 1471 1230 1508 ab
1257 1471 1452 1519 antiquio-

115 1527 235 1565 ribus.
310 1529 400 1565 sunt
432 1527 535 1564 enim
567 1527 705 1565 eodem
735 1528 819 1565 loco
853 1540 929 1576 quo
968 1539 1107 1566 vocum
1139 1530 1180 1565 et
1210 1529 1453 1566 locutionum

116 1585 465 1624 contaminationes
504 1588 544 1624 et
583 1598 629 1623 ex
670 1586 816 1624 saeculi
854 1586 1041 1635 cuiusque
1080 1586 1311 1624 eruditionis
1349 1600 1452 1636 penu

115 1645 210 1683 nati.
283 1657 330 1682 ea
360 1656 498 1682 norma
529 1644 563 1682 si
593 1644 708 1682 facile
740 1644 969 1694 carendum,
1008 1645 1078 1682 ubi
1108 1657 1270 1694 prorsus
1303 1646 1452 1683 absona

116 1706 341 1752 occurrunt,
379 1703 481 1752 quod
512 1702 639 1741 rarius
671 1703 711 1741 in
741 1703 969 1741 melioribus
1001 1703 1130 1753 libris,
1168 1704 1359 1742 utendum
1391 1706 1452 1742 ta-

116 1774 206 1799 men
243 1773 521 1811 saepenumero
561 1762 602 1799 in
634 1774 676 1799 re
714 1761 886 1810 ancipiti.
959 1761 1027 1799 sed
1063 1763 1104 1800 in
1145 1762 1217 1801 hoc
1254 1763 1452 1801 volumine

115 1833 301 1859 versuum
339 1833 473 1858 eorum
511 1820 674 1869 exiguus
712 1820 884 1859 innotuit
919 1832 1117 1859 numerus.
1187 1822 1332 1859 saeculi
1367 1830 1452 1859 XIII

115 1879 155 1917 in
182 1879 353 1917 Ponticis
384 1880 615 1917 lacunarum
647 1879 922 1928 supplementa
953 1880 1156 1929 quaedam,
1190 1883 1235 1918 ut
1260 1880 1298 1917 II
1323 1889 1357 1918 ΙΙ
1385 1882 1451 1929 32,

116 1937 198 1975 IIII
223 1946 274 1976 III
300 1939 366 1986 44,
398 1938 438 1975 in
462 1938 572 1975 Ibide
599 1950 697 1987 quae
725 1937 910 1976 adnotavi
934 1951 970 1987 p.
999 1939 1095 1987 417,
1128 1940 1225 1987 419,
1256 1938 1297 1975 in
1322 1938 1452 1976 Fastis

115 1997 298 2045 paucula,
342 1996 456 2045 nihil,
502 1996 605 2045 quod
644 1996 693 2034 ad
731 1999 938 2045 poetarum
968 1996 1183 2034 latinorum
1224 1997 1448 2046 aequalium

117 2055 286 2094 nitorem
323 2054 499 2103 accedat,
537 2055 716 2104 quamvis
754 2055 1082 2103 interpolatorum
1120 2055 1202 2092 eius
1235 2056 1381 2093 saeculi
1411 2056 1453 2093 in

116 2112 285 2152 dictione
315 2113 516 2162 varianda,
550 2114 778 2163 synonymis
811 2115 919 2152 salvo
951 2116 1077 2152 metro
1108 2113 1357 2152 inferciendis
1383 2126 1450 2163 pe-

116 2172 272 2210 culiaris
299 2172 351 2210 sit
374 2172 439 2210 vel
463 2171 644 2220 facilitas,
670 2173 733 2211 vel
757 2172 1009 2220 intemperies
1036 2174 1076 2210 et
1100 2173 1315 2221 temeritas,
1341 2172 1451 2210 cuius

117 2231 293 2280 exempla
323 2230 451 2268 ubivis
484 2232 636 2279 extant,
678 2231 744 2279 qui
775 2230 1030 2269 Ponticorum
1061 2230 1153 2268 libri
1183 2230 1266 2268 IIII
1296 2231 1451 2282 paginis

116 2288 236 2327 Korn.
276 2289 491 2338 scripturas
530 2288 704 2328 codicum
741 2288 938 2327 BCDLP
981 2289 1236 2340 quaesiverit,
1278 2289 1453 2329 inveniet
