1601 2484
757 87 983 119 TRISTIUM

319 194 369 234 Et
401 196 543 233 tacitus
576 206 709 232 secum
729 224 740 245 ‚
771 205 820 232 ne
854 195 940 244 quis
972 193 1095 232 malus
1128 193 1286 245 audiat,
1317 198 1449 246 optet,

251 260 297 292 30
320 253 379 291 Sit
410 264 494 290 mea
526 252 645 290 lenito
679 251 842 290 Caesare
875 263 1000 301 poena
1030 252 1147 290 levis:

318 310 396 348 Nos
428 321 583 360 quoque
602 339 613 361 ‚
648 310 825 360 quisquis
856 311 959 361 erit,
991 321 1039 348 ne
1077 311 1128 348 sit
1156 311 1274 348 miser
1305 311 1418 362 ipse,
1448 322 1538 359 pre-

891 379 1048 418 camur,

321 424 496 464 Placatos
528 426 672 463 misero
706 425 771 474 qui
802 424 904 463 volet
935 437 1020 464 esse
1047 425 1163 464 deos.

322 483 508 534 Quaeque
540 482 672 534 volet,
704 488 785 521 rata
817 484 895 521 sint
913 513 924 534 ,
956 482 1157 533 ablataque
1189 484 1378 534 principis
1408 484 1466 523 ira

323 541 490 580 Sedibus
521 542 561 580 in
593 542 728 592 patriis
762 540 827 579 det
857 541 951 579 mihi
982 553 1095 592 posse
1128 540 1248 580 mori!

263 608 306 638 35
321 599 372 638 Ut
403 611 564 651 peragas
597 598 774 637 mandata
793 629 804 650 ,
836 598 933 637 liber
953 630 964 650 ,
995 599 1202 649 culpabere
1234 599 1368 637 forsan

323 657 552 708 Ingeniique
584 659 712 695 minor
744 656 856 695 laude
889 657 1017 695 ferere
1048 659 1144 696 mei.

321 715 466 754 Iudicis
499 715 669 754 officium
704 720 762 753 est
782 747 792 765 ,
824 720 867 753 ut
899 726 963 753 res
982 746 993 767 ‚
1024 716 1077 753 ita
1108 721 1284 765 tempora
1315 727 1449 754 rerum

324 773 552 819 Quaerere.
598 775 774 824 quaesito
807 780 982 823 tempore
1014 778 1123 811 tutus
1156 774 1257 812 eris.

322 831 501 870 Carmina
532 832 768 883 proveniunt
800 832 927 869 animo
961 831 1125 869 deducta
1158 843 1321 871 sereno:

257 898 301 928 40
322 889 460 928 Nubila
492 896 584 928 sunt
616 888 754 928 subitis
787 896 962 939 tempora
993 894 1126 927 nostra
1158 888 1290 927 malis.

324 947 503 986 Carmina
535 959 734 986 secessum
767 947 974 986 scribentis
1008 953 1046 985 et
1078 948 1154 985 otia
1187 952 1405 997 quaerunt:

322 1006 382 1044 Me
414 1018 520 1044 mare
540 1037 550 1057 ,
582 1018 643 1043 me
676 1007 810 1057 venti,
842 1017 904 1043 me
936 1006 1017 1043 fera
1049 1006 1165 1043 iactat
1195 1004 1343 1043 hiems.

324 1063 570 1102 Carminibus
602 1070 729 1102 metus
762 1065 887 1102 omnis
920 1062 1060 1102 obest:
1092 1075 1162 1113 ego
1195 1063 1372 1113 perditus
1405 1075 1539 1102 ensem

322 1121 542 1161 Haesurum
574 1121 707 1171 iugulo
739 1123 814 1159 iam
846 1127 940 1172 puto
972 1122 1126 1172 iamque
1158 1133 1268 1159 meo.

259 1189 302 1219 45
324 1180 426 1219 Haec
460 1192 616 1230 quoque
650 1179 752 1229 quod
785 1180 912 1230 facio,
944 1179 1058 1217 iudex
1090 1179 1294 1218 mirabitur
1326 1191 1497 1232 aequus,

324 1238 555 1288 Scriptaque
589 1249 677 1276 cum
709 1239 819 1275 venia
853 1236 1148 1287 qualiacumque
1179 1237 1304 1287 leget.

324 1296 378 1335 Da
411 1296 504 1334 mihi
536 1295 763 1333 Maeoniden
797 1301 836 1334 et
867 1300 925 1333 tot
951 1296 1160 1333 circumice
1193 1307 1328 1347 casus,

323 1354 526 1405 Ingenium
559 1355 676 1392 tantis
709 1352 861 1391 excidet
892 1365 1006 1391 omne
1033 1353 1153 1391 malis.

323 1412 499 1462 Denique
532 1424 696 1450 securus
729 1412 850 1450 famae
872 1443 882 1462 ‚
913 1411 1038 1462 liber,
1070 1413 1127 1449 ire
1159 1416 1380 1463 memento,

261 1479 303 1509 50
324 1470 404 1509 Nec
436 1469 507 1509 tibi
539 1471 589 1508 sit
620 1470 721 1509 lecto
754 1469 999 1519 displicuisse
1031 1469 1179 1519 pudor.

323 1528 408 1567 Non
440 1530 492 1566 ita
525 1540 566 1566 se
598 1527 759 1578 praebet
790 1527 902 1565 nobis
935 1528 1091 1565 fortuna
1122 1527 1358 1579 secundam,

323 1586 374 1625 Ut
405 1585 476 1624 tibi
507 1588 558 1624 sit
589 1587 686 1624 ratio
719 1585 843 1624 laudis
875 1584 1050 1623 habenda
1082 1591 1194 1624 tuae.

322 1645 454 1684 Donec
487 1656 592 1682 eram
625 1656 789 1695 sospes,
822 1643 925 1682 tituli
957 1642 1142 1693 tangebar
1174 1655 1328 1695 amore,

325 1702 624 1752 Quaerendique
657 1701 752 1740 mihi
782 1702 951 1740 nominis
983 1701 1098 1739 ardor
1130 1707 1234 1739 erat.

260 1769 303 1801 55
325 1761 503 1800 Carmina
529 1772 633 1799 nunc
661 1762 693 1798 si
720 1772 797 1798 non
825 1760 1075 1810 studiumque
1095 1791 1105 1810 ,
1139 1759 1243 1810 quod
1269 1758 1426 1811 obfuit,
1452 1759 1541 1811 odi,

325 1820 384 1858 Sit
416 1820 508 1857 satis
529 1850 537 1858 .
581 1819 736 1869 ingenio
770 1819 825 1856 sic
852 1818 940 1868 fuga
971 1823 1080 1868 parta
1114 1830 1223 1856 meo,

323 1877 383 1916 Tu
415 1882 545 1916 tamen
576 1877 590 1915 i
620 1888 691 1928 pro
724 1888 785 1915 me
805 1907 816 1929 ‚
847 1882 889 1914 tu
910 1908 920 1927 ‚
954 1877 1016 1914 cui
1047 1876 1138 1914 licet
1158 1906 1168 1926 ,
1200 1877 1328 1926 aspice
1355 1875 1540 1915 Romam!

321 1935 369 1974 Di
401 1936 604 1986 facerent,
634 1947 791 1986 possem
823 1946 927 1972 nunc
960 1947 1069 1973 meus
1102 1946 1187 1972 esse
1219 1933 1340 1973 liber!

323 1994 403 2032 Nec
435 2000 499 2045 te,
533 1993 636 2044 quod
664 1995 795 2031 venias
827 2004 1004 2042 magnam
1036 1993 1268 2043 peregrinus
1299 1993 1339 2031 in
1371 1991 1516 2031 Urbem
1524 2022 1538 2046 7

259 2061 304 2093 60
325 2052 503 2103 Ignotum
535 2051 678 2102 populo
711 2063 825 2102 posse
857 2053 989 2089 venire
1020 2056 1135 2101 puta.

324 2111 374 2149 Ut
405 2110 518 2149 titulo
551 2121 712 2161 careas,
742 2111 827 2160 ipso
861 2120 1024 2147 noscere
1057 2108 1207 2148 colore:

324 2168 576 2207 Dissimulare
609 2167 732 2219 velis,
764 2173 802 2206 te
834 2167 956 2218 liquet
989 2179 1074 2205 esse
1107 2178 1259 2205 meum.

325 2226 431 2265 Clam
464 2233 593 2265 tamen
624 2228 767 2265 intrato
788 2257 798 2276 ,
829 2237 877 2264 ne
911 2231 948 2264 te
981 2237 1064 2264 mea
1099 2227 1269 2263 carmina
1301 2224 1476 2264 laedant,-²

323 2283 409 2325 Non
443 2290 565 2338 sunt,
596 2290 640 2324 ut
672 2284 865 2337 quondam
884 2315 895 2337 ‚
926 2283 1041 2337 plena
1072 2284 1242 2334 savem,
1275 2289 1406 2322 erant.
