1575 2489
191 87 277 128 224
725 87 984 120 FASTORUM

310 197 416 241 Quae
450 195 569 234 semel
601 201 661 233 est
691 195 835 245 triplici
866 207 936 245 pro
968 196 1116 245 virgine
1149 207 1258 234 caesa
1290 194 1430 234 Dianae
1450 226 1461 246 ,

367 253 479 291 Nunc
512 264 666 303 quoque
698 264 768 303 pro
801 252 905 290 nulla
936 254 1084 303 virgine
1116 265 1229 291 cerva
1261 253 1383 291 cadit.

309 310 406 349 Exta
438 322 577 349 canum
609 309 687 347 vidi
718 309 869 347 Triviae
901 309 1020 348 libare
1054 310 1245 362 Sapaeos,

223 376 290 408 390
368 368 418 406 Et
450 369 686 418 quicumque
718 373 804 405 tuas
836 367 1002 420 accolit,
1033 367 1177 407 Haeme
1195 399 1206 419 ‚
1238 369 1372 406 nives.

311 425 493 464 Caeditur
525 431 564 463 et
595 424 719 475 rigido
751 425 905 463 custodi
935 427 1039 464 ruris
1072 426 1240 478 asellus;

368 483 491 522 Causa
523 483 703 533 pudenda
735 483 891 533 quidem
910 513 922 534 ,
953 484 1021 522 sed
1053 489 1179 522 tamen
1212 489 1299 534 apta
1331 483 1426 522 deo.

311 540 424 579 Festa
457 540 706 591 corymbiferi
737 540 960 579 celebrabas
992 541 1150 580 Graecia
1181 541 1345 593 Bacchi,

370 599 502 637 Tertia
534 611 632 649 quae
665 597 777 637 solito
809 604 983 649 tempore
1015 599 1153 637 bruma
1184 599 1327 638 refert.

225 665 292 696 395
312 656 355 695 Di
389 669 544 707 quoque
577 656 747 695 cultores
778 657 818 694 in
850 656 952 694 idem
983 668 1124 695 venere
1155 656 1293 708 Lyaei,

371 714 421 753 Et
452 716 689 765 quicumque
720 715 815 752 iocis
847 726 925 752 non
956 714 1104 752 alienus
1137 720 1241 753 erat:

315 772 439 811 Panes
472 779 510 811 et
540 774 580 811 in
614 772 802 810 Venerem
835 777 1053 822 satyrorum
1086 784 1208 822 prona
1238 773 1442 823 iuventus,

372 831 556 881 Quaeque
589 830 722 869 colunt
753 842 885 868 amnes
918 829 1075 880 solaque
1106 842 1198 868 rura
1230 830 1346 869 deae.

314 887 481 927 Venerat
513 895 551 926 et
583 889 713 926 senior
744 887 870 939 pando
904 887 1058 926 Silenus
1089 887 1230 939 asello,

223 953 292 985 400
371 946 522 997 Quique
555 946 675 985 ruber
705 946 861 996 pavidas
892 947 1050 995 inguine
1082 951 1204 984 terret
1235 957 1345 984 aves.

312 1004 446 1043 Dulcia
479 1006 546 1054 qui
577 1004 737 1054 dignum
768 1015 906 1042 nemus
937 1005 977 1042 in
1009 1005 1182 1042 convivia
1213 1005 1316 1042 nacti

370 1062 550 1100 Gramine
583 1063 732 1100 vestitis
764 1061 981 1100 accubuere
1013 1063 1132 1100 toris.

313 1119 407 1158 Vina
439 1119 552 1157 dabat
584 1119 730 1170 Liber,
761 1119 904 1158 tulerat
935 1118 1009 1156 sibi
1041 1121 1206 1169 quisque
1238 1131 1443 1171 coronam,

370 1176 589 1216 Miscendas
620 1176 724 1226 large
756 1178 862 1215 rivus
895 1176 1031 1227 agebat
1060 1188 1203 1227 aquas·

225 1243 292 1274 405
313 1235 454 1274 Naides
487 1236 619 1273 effusis
652 1234 748 1273 aliae
781 1236 864 1273 sine
895 1236 1061 1285 pectinis
1093 1246 1190 1286 usu,

371 1293 464 1332 Pars
497 1293 657 1331 aderant
687 1294 824 1343 positis
856 1299 938 1331 arte
969 1304 1163 1343 manuque
1196 1294 1338 1333 comiS.

313 1351 378 1390 Illa
411 1363 529 1402 super
561 1362 673 1389 suras
703 1352 874 1389 tunicam
906 1350 1066 1389 collecta
1097 1352 1312 1403 ministrat,

371 1409 501 1448 Altera
534 1409 683 1447 dissuto
716 1414 854 1459 pectus
880 1414 1011 1460 aperta
1045 1411 1155 1448 sinu.

313 1466 447 1505 Exerit
478 1467 573 1505 haec
606 1479 813 1518 umerum,
846 1473 991 1504 vestem
1023 1466 1140 1505 trahit
1170 1467 1232 1505 illa
1261 1479 1331 1517 per
1362 1465 1521 1519 herbas,

226 1533 294 1564 410
373 1525 594 1575 Impediunt
624 1530 782 1563 teneros
813 1524 964 1562 vincula
997 1524 1099 1562 nulla
1131 1525 1272 1575 pedes.

314 1582 414 1621 Hinc
446 1583 540 1621 aliae
573 1583 712 1633 satyris
744 1582 920 1620 incendia
953 1584 1060 1620 mitia
1091 1582 1302 1635 praebent3

372 1641 467 1679 Pars
499 1640 569 1679 tibi
587 1671 598 1692 ‚
631 1642 697 1690 qui
728 1642 823 1690 pinu
854 1646 1030 1690 tempora
1060 1653 1158 1679 nexa
1189 1643 1318 1691 geris.

315 1698 369 1737 Te
402 1710 556 1749 quoque
577 1730 587 1750 ‚
617 1700 852 1736 inextinctae
886 1698 1014 1736 Silene
1048 1698 1218 1737 libidinis
1236 1730 1247 1750 ‚
1279 1705 1419 1738 urunt:

373 1757 555 1806 Nequitia
587 1762 674 1807 est,
707 1768 803 1806 quae
835 1762 874 1795 te
906 1768 983 1794 non
1016 1758 1108 1794 sinit
1139 1769 1223 1796 esse
1257 1769 1410 1795 senem.

227 1822 294 1853 415
316 1815 363 1853 At
395 1814 544 1866 ruber,
575 1814 781 1852 hortorum
813 1814 933 1853 decus
965 1820 1004 1852 et
1035 1814 1184 1866 tutela,
1215 1815 1379 1866 Priapus

374 1872 562 1911 Omnibus
596 1885 642 1911 ex
673 1872 748 1910 illis
780 1871 916 1911 Lotide
949 1878 1083 1924 captus
1115 1879 1220 1913 erat.

316 1930 422 1969 Hanc
456 1932 563 1981 cupit
582 1962 592 1982 ,
624 1930 723 1969 hanc
756 1936 890 1982 optat,
923 1930 1003 1969 sola
1034 1932 1203 1981 suspirat
1233 1933 1273 1969 in
1304 1931 1390 1983 illa,

374 1989 567 2039 Signaque
600 1989 663 2027 dat
694 1994 822 2040 nutu,
855 1988 1109 2039 sollicitatque
1142 1991 1266 2028 notis.

315 2046 452 2085 Fastus
485 2048 587 2086 inest
612 2046 813 2098 pulchr1s‚
846 2048 1102 2097 sequiturque
1129 2047 1310 2098 superbia
1341 2048 1522 2087 sormam:
1568 2050 1570 2053 '

227 2113 294 2144 420
372 2105 535 2144 Irrisum
566 2105 671 2143 voltu
704 2104 870 2155 despicit
899 2104 962 2142 illa
993 2116 1086 2143 suo.

314 2162 397 2201 Nox
430 2169 540 2214 erat,
574 2168 612 2202 et
643 2164 731 2201 vino
763 2174 942 2201 somnum
973 2163 1138 2201 faciente
1170 2163 1346 2202 iacebant

375 2220 546 2272 Corpora
579 2221 742 2260 diversis
773 2222 872 2260 victa
904 2233 1043 2271 sopore
1075 2221 1190 2260 locis.

316 2277 422 2317 Lotis
454 2281 492 2317 in
524 2278 691 2318 herbosa
723 2278 794 2318 sub
827 2281 977 2318 acernis
1009 2278 1142 2318 ultima
1174 2281 1314 2327 ramis,
