1575 2489
166 90 221 133 86
716 92 940 125 TRISTIUM

283 199 380 239 Vitis
398 230 409 251 ,
442 205 480 238 et
510 198 660 237 incluso
691 198 805 249 plena
837 199 887 237 sit
917 210 990 237 uva
1021 210 1153 250 mero;

287 258 350 296 Sic
381 256 452 296 tihi
483 267 573 295 cum
603 255 760 295 bacchis
792 261 1009 307 satyrorum
1041 268 1161 307 gnava
1191 257 1371 294 iuventus

283 316 415 366 Assit,
448 320 486 353 et
517 315 679 352 attonito
712 326 790 352 non
821 320 974 353 taceare
1006 326 1125 366 sono3

285 373 382 411 Ossa
412 371 648 423 bipenniferi
679 374 734 410 sic
766 374 844 411 sint
874 372 972 411 male
1004 384 1137 424 pressa
1168 371 1360 424 Lycurgi,

220 438 264 469 40
285 430 404 482 Impia
436 442 508 469 nec
539 442 663 481 poena
694 430 890 469 Pentheos
921 430 1059 469 umbra
1091 436 1226 481 vacet3

287 489 350 527 Sic
382 490 499 527 micet
530 493 733 527 aeternum
763 490 966 539 vicinaque
999 488 1126 527 sidera
1157 489 1284 526 vincat

287 546 470 597 Coniugis
501 548 542 584 in
574 545 679 584 caelo
713 545 814 584 clara
845 557 989 585 corona
1019 545 1130 585 tuae!

287 604 371 643 Huc
404 604 494 642 ades
528 610 566 642 et
597 615 710 643 casus
742 604 890 642 releves
909 635 919 655 ,
950 604 1242 656 pulcherrime,
1274 609 1454 656 nostros,

284 662 411 701 Unum
443 662 490 700 de
522 674 684 701 numero
717 674 778 700 me
810 674 960 700 memor
992 674 1076 700 esse
1109 661 1200 700 tuo!

221 728 265 758 45
288 721 386 759 Sunt
417 720 476 758 dis
507 721 610 758 inter
642 732 683 759 se
716 721 975 759 commercia.
1025 720 1183 758 flectere
1214 725 1360 770 tempta

286 779 517 817 Caesareum
548 790 693 817 numen
725 780 912 829 nurnine,
945 778 1095 816 Bacche
1114 810 1124 830 ‚
1156 777 1247 816 tuo!

286 836 361 875 Vos
393 848 548 887 quoque
567 867 577 887 ‚
611 842 814 875 consortes
847 836 994 888 studii,
1026 837 1088 887 pia
1119 835 1263 888 turba,
1294 841 1455 888 poetae,

285 894 387 933 Haec
419 894 554 933 eadem
586 900 740 945 sumpto
774 897 939 945 quisque
972 900 1104 945 rogate
1137 893 1268 933 mero!

285 953 411 1003 Atque
442 952 582 1003 aliquis
613 958 816 1004 vestrum,
848 952 1012 991 Nasonis
1044 954 1201 991 nomine
1233 951 1361 1004 dicto,

222 1018 266 1049 50
285 1008 315 1062 †
346 1012 522 1062 Apponat
552 1010 721 1049 lacrimis
752 1010 890 1062 pocula
922 1012 1039 1049 mixta
1072 1012 1175 1063 suis,

285 1069 593 1119 Admonitusque
625 1070 731 1120 mei,
763 1081 853 1108 cum
885 1070 1208 1120 circumspexerit
1238 1080 1397 1120 omnes,

286 1127 394 1165 Dicat
427 1124 516 1165 ‘Ubi
547 1132 607 1165 est
637 1128 762 1165 nostri
794 1139 883 1178 pars
915 1126 1028 1165 modo
1060 1126 1161 1165 Naso
1194 1126 1303 1165 chori
1317 1123 1352 1165 ‘R'

286 1185 406 1235 quue
438 1186 489 1223 ita
508 1215 519 1236 7
553 1186 585 1223 si
615 1190 788 1223 vestrum
821 1186 947 1223 merui
978 1184 1145 1223 candore
1177 1184 1374 1236 favorem,

285 1242 474 1293 Nullaque
506 1242 650 1281 iudicio
682 1241 811 1281 littera
843 1242 944 1281 laesa
976 1255 1062 1281 meo
1095 1248 1176 1294 est,

221 1310 264 1340 55
287 1301 355 1353 Si,
387 1306 563 1339 veterum
595 1300 709 1351 digne
742 1313 908 1339 veneror
940 1313 1029 1339 cum
1061 1302 1205 1352 scripta
1235 1301 1432 1352 virorum,

285 1359 465 1397 Proxima
496 1371 574 1397 non
605 1359 680 1397 illis
713 1371 798 1398 esse
831 1361 980 1398 minora
1010 1371 1122 1397 reor.

288 1417 351 1455 Sic
383 1418 502 1468 igitur
534 1417 669 1456 dextro
703 1417 850 1456 faciatis
882 1416 1057 1468 Apolline
1090 1415 1270 1455 carmen!

285 1474 396 1521 Quod
428 1475 519 1514 licet
536 1506 547 1527 ,
579 1477 682 1514 inter
714 1487 781 1514 vos
813 1487 955 1514 nomen
986 1474 1124 1514 habete
1157 1473 1307 1513 meum!

790 1602 868 1650 IV.

286 1707 417 1746 Litore
451 1707 496 1745 ab
528 1706 680 1745 Euxino
713 1706 877 1745 Nasonis
910 1706 1077 1758 epistula
1103 1707 1214 1758 veni,

285 1765 480 1816 Lassaque
513 1765 613 1804 facta
644 1766 743 1803 mari
772 1765 950 1816 lassaque
983 1766 1081 1803 sacta
1113 1766 1196 1816 via,

289 1823 364 1868 Qui
396 1822 491 1861 mihi
521 1823 620 1861 ssens
647 1823 742 1861 dixit
775 1820 849 1862 ‘Tu
869 1855 879 1875 ‚
912 1824 975 1862 cui
1006 1823 1126 1875 licet,
1158 1823 1286 1874 aspice
1319 1820 1498 1861 Romam!

289 1880 374 1920 Heu
407 1886 550 1932 quanto
583 1881 720 1919 melior
753 1893 836 1920 sors
869 1887 935 1920 tua
967 1886 1072 1920 sorte
1104 1892 1189 1919 mea
1221 1876 1318 1919 estl'

247 1938 405 1980 5Flens
444 1951 599 1990 quoque
637 1951 698 1977 me
739 1940 924 1991 scripsit.
981 1951 1054 1978 nec
1098 1951 1172 1990 qua
1216 1937 1417 1990 signabar,
1454 1936 1500 1977 ad

1013 2009 1056 2036 os
1089 2003 1148 2035 est

288 2057 416 2107 Ante,
450 2055 517 2094 sed
550 2054 596 2093 ad
628 2054 799 2094 madidas
832 2067 982 2106 gemma
1013 2055 1133 2094 relata
1163 2066 1304 2105 genas.

288 2113 489 2152 Tristitiae
522 2125 675 2152 causam
709 2115 831 2164 siquis
864 2125 1101 2164 cognoscere
1135 2114 1309 2166 quaerit,

291 2170 454 2210 Ostendi
487 2171 608 2210 solem
639 2171 808 2222 postulat
838 2171 901 2210 ille
935 2171 1032 2223 sibi,

289 2228 368 2268 Nec
403 2229 579 2268 frondem
611 2230 651 2268 in
683 2229 818 2281 silvis,
848 2241 921 2268 nec
953 2235 1086 2281 aperto
1118 2228 1246 2268 mollia
1277 2234 1387 2281 prato

229 2295 271 2327 10
293 2287 472 2327 Gramina
491 2318 502 2339 ‚
535 2299 606 2326 nec
638 2287 752 2339 pleno
783 2287 942 2326 flumine
976 2289 1101 2327 cernit
1132 2299 1293 2340 aquam3
