1575 2489
506 82 548 115 V.
575 89 619 116 π
639 84 768 115 l—vn
787 84 840 115 22.
1282 79 1333 121 91

124 190 201 229 Isto
219 220 230 241 ,
262 189 364 240 quod
397 190 497 227 reris
516 220 527 240 ‚
558 189 744 240 grandius
775 189 869 228 illud
903 191 1000 228 erit.

125 248 245 293 Quam
278 247 396 286 multa
429 247 602 286 madidae
635 247 883 286 celebrantur
915 247 1104 286 arundine
1137 246 1287 299 fossae,

124 305 278 344 Florida
309 317 424 356 quam
450 305 590 344 multas
622 304 744 356 Hybla
777 311 910 344 tuetur
942 318 1057 357 apes,

124 363 246 409 Quam
279 363 419 402 multae
451 363 585 414 gracili
617 369 772 402 terrena
805 363 876 402 sub
908 362 1048 402 horrea
1080 364 1184 402 serre

61 429 105 461 40
124 421 262 460 Limite
295 422 479 459 formicae
512 433 630 471 grana
662 428 817 472 reperta
850 421 999 473 solent,

124 479 217 518 Tam
249 491 310 518 me
343 481 597 518 circumstant
629 478 840 518 densorum
872 479 986 518 turba
1017 479 1230 518 malorum.

125 537 246 576 Crede
280 537 402 589 mihi,
434 549 525 576 vero
558 542 618 576 est
649 544 782 577 nostra
814 537 985 588 querella
1016 539 1167 577 minor.

123 594 191 634 His
223 597 289 646 qui
322 601 530 635 contentus
562 608 641 635 non
673 601 761 648 est,
793 597 833 634 in
865 595 956 634 litus
979 596 1166 648 harenas,

122 653 165 692 ln
198 659 371 704 segetem
402 655 528 705 spicas
547 684 558 706 ,
590 655 630 693 in
662 665 767 693 mare
800 653 936 692 fundat
968 665 1107 703 aquas.

59 719 103 751 45
123 710 418 762 Intempestivos
450 713 570 762 igitur
602 724 805 763 compesce
838 716 1036 762 tumores,

122 769 212 808 Vela
243 782 370 821 neque
402 772 442 809 in
474 770 601 809 medio
634 770 771 809 desere
804 776 936 808 nostra
968 767 1088 808 mari!

618 897 721 944 VII.

124 1004 246 1050 Quam
276 1003 401 1055 legis,
434 1015 481 1042 ex
512 1002 576 1041 illa
607 1002 678 1041 tibi
710 1003 815 1041 venit
847 999 1014 1053 epistula
1041 1008 1169 1052 terra,

123 1062 239 1101 Latus
271 1061 338 1100 ubi
370 1062 574 1112 aequoreis
607 1060 761 1099 additur
792 1060 924 1098 Hister
956 1061 1090 1111 aquis.

124 1120 164 1158 Si
195 1119 266 1159 tibi
298 1121 489 1170 contingit
520 1131 609 1158 cum
642 1118 745 1157 dulci
777 1120 852 1157 vita
886 1118 1033 1170 salute,

123 1178 290 1217 Candida
322 1179 502 1217 fortunae
533 1189 623 1228 pars
655 1183 786 1215 manet
817 1189 893 1215 una
925 1188 1056 1215 meae.

83 1245 103 1276 5
125 1236 303 1288 Scilicet,
335 1241 380 1275 ut
405 1248 582 1287 semper,
616 1235 708 1286 quid
735 1247 867 1286 agam,
902 1236 1125 1286 carissime,
1158 1235 1337 1287 quaeris,

124 1295 306 1340 Quamvis
337 1294 411 1333 hoc
443 1294 503 1333 vel
535 1305 596 1332 me
630 1295 731 1332 scire
763 1298 915 1332 tacente
948 1298 1084 1344 potes:

124 1353 217 1392 Sum
249 1354 397 1405 miser3
429 1353 524 1391 haec
556 1351 684 1390 brevis
723 1357 783 1390 est
814 1356 1039 1389 nostrorum
1077 1363 1226 1389 summa

846 1409 1059 1462 malorum,

124 1470 309 1520 Quisquis
341 1474 380 1508 et
411 1470 559 1507 offenso
592 1467 755 1506 Caesare
789 1468 908 1517 vivit,
941 1469 1038 1505 erit.

123 1527 253 1567 Turba
284 1528 511 1566 Tomitanae
545 1538 642 1577 quae
676 1527 726 1564 sit
757 1527 928 1576 regionis
961 1531 999 1563 et
1030 1526 1133 1563 inter

63 1594 103 1624 10
124 1587 229 1632 Quos
261 1585 432 1624 habitem
463 1596 621 1636 moreS‚
654 1583 806 1622 discere
839 1595 932 1622 cura
963 1583 1035 1621 tibi
1067 1581 1163 1622 est?

123 1645 239 1683 Mixta
271 1646 321 1683 sit
358 1644 453 1682 haec
492 1644 666 1694 quamvis
703 1644 807 1681 inter
839 1641 1086 1692 Graecosque
1119 1641 1338 1694 Getasque,

123 1704 153 1742 A
186 1703 282 1741 male
314 1703 460 1753 pacatis
492 1701 579 1752 plus
611 1700 730 1739 trahit
761 1712 829 1738 ora
860 1699 991 1739 Getis.

125 1761 358 1799 Sarmaticae
391 1761 513 1798 maior
545 1759 780 1809 Geticaeque
812 1758 1032 1809 frequentia
1063 1759 1190 1808 gentis

123 1819 198 1858 Per
228 1819 375 1857 medias
406 1820 447 1856 in
479 1819 590 1868 equis
621 1819 728 1867 itque
760 1817 939 1867 reditque
972 1818 1073 1854 vias.

64 1877 167 1916 15111
199 1877 341 1928 quibus
374 1882 434 1915 est
464 1888 608 1927 nemo,
641 1877 708 1926 qui
740 1887 818 1914 non
851 1880 1012 1925 coryton
1044 1880 1083 1913 et
1115 1886 1250 1913 arcum

124 1935 292 1986 Telaque
324 1936 481 1986 vipereo
513 1934 638 1972 lurida
671 1933 758 1972 felle
790 1939 920 1984 gerat.

126 1993 205 2031 Vox
237 1994 317 2031 fera
335 2024 346 2045 ,
378 2000 469 2032 trux
500 1992 629 2031 vultus
649 2024 659 2043 ,
690 1993 891 2030 verissima
923 1990 1057 2029 Martis
1088 1992 1239 2043 imag03

123 2051 209 2090 Non
240 2063 377 2104 coma,
409 2063 486 2090 non
520 2050 595 2090 ulla
626 2049 745 2089 barba
775 2055 927 2089 resecta
958 2061 1098 2100 manu,

128 2109 292 2148 Dextera
324 2122 400 2148 non
434 2111 563 2161 segnis
595 2110 669 2147 fixo
703 2109 793 2147 dare
828 2107 987 2146 vulnera
1018 2107 1169 2159 cultro,

62 2174 105 2206 20
127 2167 249 2213 Quem
281 2169 457 2207 iunctum
488 2168 600 2206 lateri
631 2167 820 2205 barbarus
852 2167 978 2204 omnis
1009 2165 1148 2205 habet.

127 2225 225 2264 Vivit
255 2227 295 2264 in
327 2226 387 2264 his
418 2225 525 2265 heu!
558 2238 662 2264 nunc
682 2257 692 2277 ‚
724 2225 900 2264 lusorum
933 2224 1076 2262 oblitus
1108 2236 1307 2276 amorum,

128 2283 206 2322 Hos
238 2284 371 2336 videt,
402 2284 473 2323 hos
504 2289 610 2323 vates
643 2283 778 2335 audit,
810 2284 931 2321 amice
950 2313 961 2333 ,
994 2281 1107 2321 tuus!
