1575 2489
537 77 595 109 IV.
623 84 671 110 111
692 79 811 110 50-v
837 78 868 110 9.
1289 75 1367 117 191

215 185 271 224 Ne
304 184 427 224 titulis
460 186 667 235 quicquam
701 183 839 222 debeat
871 183 936 222 ille
969 185 1073 223 suis.

158 244 328 283 Cernere
360 244 434 281 iam
467 242 600 281 videor
631 243 761 293 rumpi
791 254 913 293 paene
947 243 1043 280 atria
1077 241 1212 294 turba,

214 301 264 339 Et
294 300 481 352 populum
514 300 615 339 laedi
646 300 850 339 deficiente
882 300 991 351 loco,

157 359 392 410 Templaque
424 358 611 409 Tarpeiae
644 360 812 410 primum
844 358 915 397 tibi
946 358 1050 397 sedis
1082 358 1203 411 adiri,

93 426 137 457 30
216 417 265 455 Et
295 418 382 455 fieri
413 416 544 455 faciles
575 418 616 455 in
649 422 713 456 tua
745 422 831 455 vota
863 416 979 455 deos:

158 475 261 514 Colla
292 474 410 514 boves
442 476 575 513 niveos
608 480 736 513 certae
768 474 957 526 praebere
989 476 1141 526 securi,
1299 483 1371 515 (113)

216 533 322 578 Quos
354 532 449 572 aluit
480 534 625 584 campis
656 533 776 571 herba
808 533 955 571 Falisca
986 534 1092 573 suis.

158 591 333 642 Cumque
365 591 459 630 deos
491 603 655 643 omnes,
688 598 770 630 tum
803 603 900 641 quos
932 592 1134 642 inpensius
1167 602 1312 642 aequos

215 649 312 688 Esse
344 648 415 688 tibi
447 651 610 701 cupias,
643 661 731 688 cum
763 649 851 687 Iove
885 648 1025 688 Caesar
1057 655 1195 688 erunt.

94 717 136 746 35
161 707 277 746 Curia
310 713 346 746 te
380 709 577 760 excipiet,
607 714 816 759 patresque
850 720 870 745 e
902 719 1011 745 more
1043 708 1167 746 vocati

216 765 424 804 intendent
455 778 570 804 aures
602 766 648 804 ad
681 772 745 804 tua
777 765 893 803 verba
925 777 1038 803 suas.

157 823 236 862 Hos
268 823 335 863 ubi
367 824 532 862 facundo
566 829 631 862 tua
664 836 733 861 vox
765 823 988 861 hilaraverit
1019 835 1111 874 ore,

217 881 342 932 thue
375 882 502 933 solet,
535 881 668 920 tulerit
698 893 886 932 prospera
918 880 1035 919 verba
1068 881 1174 931 dies,

157 940 294 990 Egeris
327 946 366 978 et
397 942 555 978 meritas
588 941 741 990 superis
773 951 861 978 cum
895 938 1058 978 Caesare
1091 945 1243 990 grates,
1269 959 1314 966 —

92 1005 136 1037 40
216 998 290 1043 Qui
323 1009 508 1050 causam,
540 998 656 1036 facias
689 1009 759 1036 cur
791 999 843 1036 ita
875 1009 1019 1049 saepe,
1052 997 1158 1036 dabit
1182 1018 1225 1023 —

156 1056 249 1094 Inde
281 1055 439 1094 domum
471 1062 626 1107 repetes
657 1061 739 1094 toto
771 1057 981 1094 comitante
1013 1061 1173 1107 senatu,

217 1113 398 1153 Officium
430 1114 564 1165 populi
596 1116 657 1153 vix
691 1115 867 1165 capiente
899 1114 1037 1152 domo.

157 1172 216 1210 Me
249 1174 435 1211 miserum
455 1204 466 1223 ,
499 1172 611 1211 turba
644 1172 747 1223 quod
779 1184 856 1210 non
889 1184 959 1222 ego
992 1184 1131 1210 cernar
1162 1173 1202 1210 in
1233 1170 1318 1223 illa,

216 1230 296 1269 Nec
328 1237 514 1281 poterunt
545 1232 631 1269 istis
662 1231 808 1269 lumina
840 1236 972 1268 nostra
1004 1229 1104 1268 frui!

93 1296 137 1327 45
158 1288 379 1334 Quamlibet
409 1289 609 1328 absentem
629 1320 639 1340 ‚
673 1301 747 1340 qua
778 1301 937 1339 possum
958 1320 969 1340 ,
1000 1293 1131 1327 mente
1164 1288 1324 1327 videbo:

215 1348 387 1397 Aspiciet
419 1347 547 1386 vultus
579 1347 750 1386 consulis
782 1347 845 1385 illa
877 1348 960 1386 sui.

157 1405 202 1444 Di
234 1406 405 1457 saciant,
437 1405 565 1455 aliquo
597 1405 733 1444 subeat
765 1405 833 1444 tibi
867 1411 1042 1456 tempore
1074 1410 1252 1443 nostrum

215 1462 363 1502 Nomen
383 1495 393 1515 ,
426 1470 465 1502 et
495 1461 591 1502 ‘heu
614 1461 643 1502 1'
677 1463 781 1502 dicas
815 1460 926 1513 ‘quid
961 1465 1078 1501 miser
1110 1463 1173 1501 ille
1208 1459 1352 1501 lacit?'

157 1520 260 1560 Haec
292 1528 357 1560 tua
390 1521 598 1573 pertulerit
629 1523 750 1572 siquis
784 1521 876 1559 mihi
910 1520 1054 1572 verba,
1087 1521 1237 1560 fatebor

93 1588 137 1619 50
216 1579 399 1620 Protinus
431 1580 587 1619 exilium
620 1579 774 1618 mollius
807 1591 892 1618 esse
924 1591 1077 1619 meum.

676 1707 728 1754 V.

158 1810 213 1850 Ite
234 1844 244 1861 ,
276 1811 377 1850 leves
411 1811 538 1862 elegi,
569 1811 702 1851 doctas
733 1813 779 1851 ad
811 1812 983 1852 consulis
1015 1824 1153 1864 aures,

217 1869 417 1921 Verbaque
450 1870 638 1909 honorato
671 1871 769 1910 ferte
804 1871 962 1922 legenda
995 1872 1099 1910 viro.

158 1927 286 1978 Longa
313 1930 370 1967 via
398 1934 479 1979 est,
512 1940 582 1968 nec
610 1940 675 1968 vos
702 1929 866 1979 pedibus
892 1929 1103 1980 proceditis
1129 1930 1263 1980 aequis
1296 1937 1368 1968 (114)

216 1986 412 2037 Tectaque
446 1987 610 2026 brumali
642 1987 715 2026 sub
748 1989 833 2026 nive
868 1995 970 2026 terra
1002 1988 1116 2026 latet.

117 2051 137 2083 5
158 2043 253 2083 Cum
285 2045 448 2096 gelidam
481 2045 657 2084 Thracen
698 2053 735 2084 et
767 2053 946 2097 opertum
979 2045 1147 2084 nubibus
1179 2045 1367 2084 Haemum

215 2102 263 2141 Et
296 2105 411 2142 maris
444 2103 540 2142 lonii
574 2106 807 2143 transieritis
841 2116 982 2156 aquaS‚

157 2160 261 2200 Luce
294 2163 423 2200 minus
454 2163 602 2201 decima
634 2163 829 2202 dominam
862 2164 1024 2202 venietis
1055 2164 1095 2201 in
1127 2162 1293 2213 Urbem,

216 2218 264 2258 Ut
296 2220 518 2260 festinatum
553 2233 629 2260 non
663 2223 810 2261 faciatis
842 2223 939 2260 iter.

157 2276 341 2316 Protinus
373 2279 461 2318 inde
494 2279 631 2319 domus
663 2280 771 2319 vobis
805 2279 986 2332 Pompeia
1018 2285 1196 2332 petatur:
