1575 2489
211 73 296 113 300
750 74 1002 106 FASTORUM

330 180 460 232 Dixit,
493 186 532 218 et
564 179 767 231 egrediens
799 180 943 219 nubem
975 180 1122 233 trahit,
1154 182 1272 232 inque
1305 181 1493 219 dracones

323 261 329 268 ·
387 238 571 289 Transit,
604 244 643 276 et
674 238 807 276 alifero
840 239 989 277 tollitur
1020 251 1089 277 axe
1121 239 1261 278 Ceres.

331 296 479 334 Sunion
513 297 730 346 expositum
760 296 973 347 Piraeaque
1006 302 1089 336 tuta
1120 309 1278 336 recessu

387 353 575 405 Linquit,
608 359 646 392 et
677 355 716 391 in
749 353 928 393 dextrum
961 367 1058 405 quae
1090 356 1188 394 iacet
1221 367 1287 393 ora
1319 355 1443 393 latus.

243 420 308 450 565
330 411 427 450 Ilinc
459 413 530 449 init
562 412 785 464 Aegaeum,
819 424 895 463 quo
929 412 1110 463 Cycladas
1142 414 1280 464 aspicit
1312 425 1469 464 omnes,

388 469 616 520 Ioniumque
648 482 766 520 rapax
797 470 1041 522 Icariumque
1072 471 1187 523 legit,

329 528 482 578 Perque
515 527 633 566 urbes
664 528 775 566 Asiae
807 528 964 579 longum
995 530 1093 580 petit
1122 529 1440 580 Hellespontum,

389 585 670 636 Diversumque
702 585 797 624 locis
830 586 904 625 alta
935 592 1112 637 pererrat
1142 589 1240 626 iter.

330 643 425 682 Nam
456 644 569 682 modo
602 644 788 694 turilegos
820 644 994 696 Arabas,
1026 645 1139 683 modo
1172 645 1337 696 despicit
1367 644 1506 695 Indos,

244 710 310 741 570
390 701 488 740 Hinc
520 701 665 754 Libys,
698 702 788 741 hinc
821 702 950 741 Meroe
983 704 1163 753 siccaque
1195 708 1300 741 terra
1332 702 1489 741 subest:

331 759 442 799 Nune
476 760 554 799 adit
586 759 826 813 Hesperios,
858 760 1035 799 Rhenum
1068 760 1376 811 Rhodanumque

1054 818 1277 870 Padumque

390 876 522 927 Teque
542 908 552 928 ,
585 877 714 915 future
747 889 917 929 parens,
950 877 1123 929 Thybri,
1155 878 1325 928 potentis
1356 888 1502 927 aquae.

333 934 416 980 Quo
450 933 594 973 feror?
637 936 858 973 inmensum
891 942 949 974 est
981 941 1127 974 erratas
1160 935 1289 974 dicere
1322 941 1468 973 terras.

390 993 632 1032 Praeteritus
666 993 799 1031 Cereri
830 993 960 1032 nullus
992 995 1031 1032 in
1064 993 1157 1032 orbe
1189 993 1319 1032 locus.

246 1059 312 1089 575
333 1050 447 1089 Errat
480 1057 517 1089 et
548 1053 588 1089 in
620 1050 724 1089 caelo
744 1082 754 1101 ,
786 1051 1000 1101 liquidique
1032 1053 1205 1090 inmunia
1236 1052 1346 1101 ponti

391 1108 621 1159 Adloquitur
653 1108 778 1158 gelido
811 1110 985 1159 proxima
1017 1110 1125 1160 signa
1157 1108 1268 1159 polo.

336 1164 606 1205 ‘Parrhasides
627 1165 759 1205 stellae
775 1198 786 1217 ,
806 1188 849 1194 -—
873 1179 1039 1217 namque
1067 1168 1193 1205 omnia
1219 1178 1333 1205 nosse
1359 1168 1544 1218 potestis,

393 1226 616 1275 Aequoreas
649 1236 861 1275 numquam
893 1237 982 1263 cum
1014 1224 1184 1263 subeatis
1217 1237 1334 1276 aquas
1366 1247 1409 1251 —

333 1283 610 1333 Persephonen
641 1288 770 1321 natam
802 1284 966 1321 miserae
999 1288 1210 1321 monstrate
1242 1280 1438 1333 parentil'

248 1350 314 1380 580
393 1338 577 1380 Dixerat.
634 1340 724 1379 huic
757 1340 888 1380 Hehce
920 1340 1008 1380 talia
1040 1341 1156 1379 verba
1188 1342 1334 1380 refert:

335 1396 525 1438 ‘Crimine
557 1411 632 1437 nox
665 1411 782 1438 vacua
816 1406 904 1451 est;
938 1399 1066 1438 Solem
1098 1399 1145 1438 de
1177 1401 1324 1450 virgine
1356 1405 1464 1450 rapta

393 1457 588 1509 Consule,
622 1459 689 1508 qui
720 1457 794 1496 late
827 1458 925 1496 sacta
958 1458 1097 1496 diurna
1129 1454 1275 1496 videt.'

336 1516 404 1554 Sol
435 1516 560 1554 aditus
594 1512 731 1566 ‘quam
765 1512 968 1567 quaeris,'
1001 1517 1053 1554 ait
1085 1512 1152 1553 ene
1185 1528 1280 1554 vana
1312 1514 1485 1565 labores,

392 1574 520 1625 Nupta
550 1573 650 1611 Iovis
682 1574 792 1612 fratri
824 1575 938 1612 tertia
969 1586 1088 1623 regna
1120 1570 1269 1612 tenet.'

248 1640 313 1671 585
335 1632 478 1678 Questa
511 1632 576 1670 diu
609 1643 770 1682 secum,
803 1632 858 1670 sic
891 1637 950 1670 est
981 1631 1105 1670 adfata
1138 1631 1375 1683 Tonantem,

393 1690 633 1740 Maximaque
665 1691 705 1728 in
738 1689 842 1728 voltu
875 1691 983 1740 signa
1015 1689 1181 1728 dolentis
1214 1695 1346 1728 erant:

339 1747 401 1788 ‘Si
432 1761 580 1787 memor
613 1760 683 1799 es,
716 1747 762 1786 de
796 1760 871 1798 quo
904 1748 998 1786 mihi
1030 1749 1080 1785 sit
1111 1747 1343 1799 Proserpina
1376 1752 1487 1798 nata,

394 1807 604 1845 Dimidium
637 1818 752 1844 curae
786 1805 901 1844 debet
931 1805 1074 1844 habere
1106 1811 1218 1844 tuae.

337 1865 439 1904 Orbe
473 1870 674 1916 pererrato
707 1863 787 1902 sola
819 1870 878 1902 est
908 1865 1047 1902 iniurIa
1081 1864 1173 1902 facti

249 1932 314 1963 590
393 1924 581 1974 Cognita.
639 1923 834 1961 commissi
865 1923 1036 1972 praemia
1067 1927 1200 1973 raptor
1231 1920 1368 1960 habet.

335 1984 383 2020 At
414 1994 540 2032 neque
571 1980 821 2031 Persephone
853 1980 967 2030 digna
999 1986 1057 2019 est
1088 1979 1282 2031 praedone
1314 1980 1477 2031 marito,

394 2040 472 2079 Nec
505 2051 624 2090 gener
655 2039 729 2077 hoc
762 2038 873 2076 nobis
906 2050 1013 2076 more
1045 2038 1238 2089 parandus
1272 2043 1375 2076 erat.

338 2098 438 2143 Quid
471 2099 624 2149 gravius
656 2099 801 2135 victore
835 2096 937 2148 Gyge
971 2098 1117 2147 captiva
1149 2096 1350 2147 tulissem,

397 2156 520 2201 Quam
551 2167 655 2194 nunc
687 2161 725 2194 te
758 2154 853 2193 caeli
885 2160 1038 2205 sceptra
1069 2160 1225 2193 tenente
1258 2151 1363 2192 tuli?

251 2223 316 2253 595
338 2214 481 2253 Verum
513 2216 670 2265 impune
704 2213 830 2263 ferat,
863 2224 933 2251 nos
964 2212 1059 2250 haec
1090 2214 1283 2263 patiemur
1314 2210 1477 2263 inultae3

396 2272 569 2325 Reddat,
608 2278 645 2310 et
678 2270 857 2309 emendet
889 2271 987 2309 sacta
1018 2271 1148 2322 priora
1180 2266 1336 2309 novis.'
