1575 2489
141 60 227 102 284
679 62 929 94 FASTORUM

544 222 724 274 LIBER
763 221 1060 276 QUARTUS.

720 339 731 356 Q
1373 339 1402 370 '9

259 340 410 393 ρ1111113,
443 342 524 380 save
544 338 575 393 ,'
609 341 688 380 dixi
742 343 985 392 geminorum
1017 349 1139 381 mater
1171 343 1379 381 Amorum.

317 401 373 439 Ad
409 406 531 438 vatem
565 400 690 437 voltus
722 400 873 438 rettulit
904 400 966 438 illa
999 413 1113 452 suos,

258 456 380 504 ‘Quid
414 455 504 496 tibi'
537 459 589 496 ait
622 454 835 497 emecum?
879 463 985 497 certe
1017 460 1160 497 maiora
1193 459 1380 497 canebas.

316 517 418 554 Num
451 522 561 554 vetus
593 518 631 554 in
664 515 769 554 molli
801 522 959 566 pectore
992 516 1127 555 volnus
1159 514 1333 555 habes?

217 585 237 614 5
258 572 365 613 ‘Scis
398 571 517 625 dea,'
551 574 734 624 respondi
766 571 834 612 ‘de
866 574 1021 613 volnere
1043 572 1072 613 .'
1119 576 1233 627 risit,
1267 581 1304 613 et
1336 575 1470 613 aether

316 633 499 670 Protinus
533 644 578 670 ex
611 632 673 670 illa
705 638 814 682 parte
848 644 1010 671 serenus
1044 638 1149 671 erat.

259 689 468 741 τ53116135,
502 702 549 728 311
582 703 727 742 sanus,
760 690 949 741 numquid
982 696 1047 729 tua
1079 693 1187 741 signa
1218 688 1393 741 reliqui?

316 749 374 787 Tu
407 748 502 786 mihi
533 750 774 799 propositum
794 780 804 799 ,
836 755 878 786 tu
911 748 1004 786 mihi
1037 761 1191 799 semper
1223 761 1342 799 opus.

259 807 364 852 Quae
397 807 553 857 decuit,
587 808 723 856 primis
755 809 837 844 sine
870 808 1032 845 crimine
1064 807 1228 845 lusimus
1260 808 1392 846 annis:

199 875 239 904 10
318 865 429 903 Nunc
462 867 602 903 teritur
634 867 777 903 nostris
810 877 898 903 area
930 866 1052 903 maior
1085 867 1218 915 equis.

260 923 469 973 [Tempora
501 935 589 961 cum
622 924 777 974 causis,
810 922 1011 961 annalibus
1044 929 1152 962 eruta
1186 925 1346 975 priscis,

317 981 517 1031 Lapsaque
551 981 622 1019 sub
655 987 779 1019 terras
812 987 972 1031 ortaque
1006 982 1113 1031 signa
1145 981 1281 1031 cano]

259 1039 443 1077 Venimus
477 1040 521 1077 ad
555 1045 735 1089 quartum
755 1070 765 1089 ,
799 1051 874 1089 quo
907 1045 948 1077 tu
981 1039 1235 1077 celeberrima
1268 1051 1422 1078 mense.

318 1097 366 1135 Et
399 1102 522 1134 vatem
556 1103 594 1135 et
625 1108 798 1134 mensem
831 1098 907 1135 scis
927 1128 937 1148 ,
968 1096 1126 1148 Venus,
1159 1109 1244 1135 esse
1277 1094 1410 1136 tuos.'

199 1165 239 1194 15
260 1156 360 1193 Mota
394 1154 620 1205 Cytheriaca
652 1154 788 1192 leviter
820 1166 903 1192 mea
936 1160 1109 1205 tempora
1142 1161 1266 1206 myrto

318 1213 488 1262 Contigit
520 1219 558 1251 et
589 1210 792 1263 ‘coeptum
825 1210 988 1263 perfice'
1022 1213 1117 1251 dixit
1149 1210 1312 1264 eopus.'

262 1272 491 1322 Sensimus,
525 1276 563 1309 et
596 1283 732 1309 causae
766 1270 893 1309 subito
926 1276 1086 1321 patuere
1120 1271 1293 1310 dierum.

319 1329 416 1367 Dum
450 1329 539 1367 licet
571 1336 609 1367 et
641 1331 788 1380 spirant
820 1329 1000 1376 1131111113,
1034 1331 1140 1368 navis
1172 1336 1254 1368 eat.

260 1387 377 1438 Siqua
411 1394 538 1426 tamen
570 1399 658 1438 pars
691 1393 728 1426 te
761 1387 807 1425 de
840 1388 948 1425 fastis
980 1392 1138 1438 tangere
1171 1388 1308 1439 debet,
1395 1396 1470 1429 (114)

195 1455 238 1485 ‘30
319 1445 487 1496 Caesar,
521 1448 559 1484 in
592 1445 741 1496 Aprili,
775 1457 850 1496 quo
883 1447 1081 1497 tenearis,
1113 1445 1253 1484 habes.

259 1504 330 1542 Hic
363 1504 408 1542 ad
443 1510 478 1542 te
510 1516 647 1553 magna
680 1504 882 1542 descendit
912 1505 1076 1554 imagine
1110 1506 1276 1551 mensis,

319 1562 367 1600 Et
398 1562 439 1600 fit
471 1562 647 1612 adoptiva
680 1561 878 1599 nobilitate
911 1568 1025 1600 tuus.

260 1620 341 1658 Hoc
374 1627 482 1670 pater
514 1620 679 1671 Iliades,
712 1632 799 1658 cum
833 1620 989 1670 longum
1022 1619 1213 1658 scriberet
1245 1633 1413 1673 3111111111,

320 1678 448 1730 Vidit,
481 1685 518 1717 et
549 1684 729 1716 auctores
760 1678 912 1716 rettulit
943 1679 1024 1728 ipse
1058 1690 1172 1717 suos:

197 1746 238 1776 25
260 1736 385 1787 thue
419 1737 500 1774 sero
533 1736 646 1774 Marti
676 1737 840 1786 primam
873 1735 978 1774 dedit
1010 1736 1144 1774 ordine
1178 1742 1348 1788 sortem,

320 1795 428 1840 Quod
462 1794 535 1833 sibi
567 1794 752 1833 nascendi
783 1795 956 1845 proxima
989 1806 1103 1833 causa
1136 1795 1231 1846 suit,

261 1853 324 1892 Sic
358 1852 545 1891 Venerem
577 1852 761 1902 gradibus
794 1852 925 1890 multis
957 1854 996 1891 111
1028 1859 1141 1903 gente
1175 1859 1368 1904 repertam

318 1911 488 1950 Alterius
520 1911 640 1949 voluit
671 1912 817 1949 mensis
849 1910 991 1949 habere
1023 1910 1174 1962 locum3

260 1970 579 2020 Principiumque
612 1971 673 2008 sui
704 1970 858 2019 generis
891 1968 1142 2019 revolutaque
1175 1981 1366 2019 quaerens

196 2037 239 2067 30
321 2027 481 2066 Saecula
501 2060 511 2079 ,
543 2034 726 2078 cognatos
758 2028 863 2065 venit
894 2027 1067 2077 adusque
1100 2027 1213 2065 deos.

262 2086 464 2124 Dardanon
496 2086 650 2124 Electra
681 2087 852 2125 nesciret
883 2085 1073 2123 Atlantide
1107 2092 1239 2124 natum

321 2144 505 2195 Scilicet,
538 2144 730 2183 Electram
764 2143 1021 2182 concubuisse
1053 2141 1162 2182 lovi?

262 2202 384 2241 Huius
417 2202 722 2241 Erichthonius:
767 2202 866 2240 Tros
899 2207 957 2240 est
989 2208 1196 2252 generatus
1230 2200 1276 2239 ab
1308 2200 1396 2240 illo:

319 2263 534 2299 Assaracon
567 2267 671 2300 creat
703 2261 795 2312 hic,
827 2261 1116 2310 Assaracusque
1151 2260 1302 2311 Capyn.
