1601 2484
1322 63 1392 98 XV

57 178 192 213 tamen
234 175 470 224 ascripserat
513 170 631 212 ‘male
669 174 772 222 apud
811 168 963 211 Burm?
1002 172 1137 211 inserti
1179 173 1273 222 quin
1310 174 1392 212 sint

59 246 105 270 ex
134 234 219 270 1000
249 233 433 271 inferiore
468 234 549 271 133
585 233 685 279 134,
717 231 878 269 dubium
908 243 986 269 non
1017 243 1102 269 esse
1132 234 1282 280 potest,
1314 232 1390 270 etsi

57 291 105 328 de
148 302 264 328 causa
304 303 383 329 non
419 291 535 339 plane
575 290 711 339 liquet.
784 290 927 327 absunt
966 289 1038 327 hoc
1080 290 1164 327 1000
1207 291 1248 327 111
1284 290 1387 328 codi-

58 349 167 387 cibus
198 349 404 386 minimum
434 349 603 398 quinque
634 360 712 385 non
743 347 1047 396 contemnendis,
1078 348 1182 386 inter
1206 360 1302 397 quos
1328 350 1392 386 est

59 406 93 445 G
119 407 265 456 Ellisii,
299 407 364 456 qui
388 409 501 445 vetus
527 406 626 443 illud
651 406 818 456 paginae
839 402 902 456 (6)
924 406 1238 454 supplementum
1257 406 1391 455 habet,

57 465 161 513 quod
185 477 303 513 quam
327 465 496 502 maxime
522 464 687 502 disticho
717 465 797 502 133
828 465 910 502 134
935 463 1215 514 incommodat3
1242 465 1391 503 scilicet

56 523 147 571 quia
178 523 244 572 qui
274 523 506 569 fabricatus,
544 523 676 561 0011103
712 534 791 560 11011
823 521 944 560 erexit
974 521 1015 559 in
1044 523 1228 571 paginam
1259 523 1388 571 proxi-

56 593 170 619 mam.
244 582 368 619 altero
419 580 556 618 deinde
606 581 878 630 supplemento
921 580 961 617 id
1003 579 1197 618 distichon
1239 581 1388 618 munie-

55 639 184 682 batur,
223 639 331 679 codd.
361 639 392 676 P
425 639 501 676 Eu.
534 638 649 677 CDG
681 639 758 676 mei
790 637 1102 687 suppeditarunt,
1140 638 1244 687 quod
1275 639 1388 678 edidi.

56 698 99 734 at
140 696 172 734 F
209 697 285 736 ΕΠ.
323 698 356 734 Β
388 710 497 735 1110113
541 709 676 735 rursus
714 696 754 734 id
796 696 990 733 distichon
1028 697 1264 735 subnectunt
1301 710 1391 746 sup-

54 754 252 803 plemento
296 755 356 792 1111
400 756 528 794 Finiat
577 758 617 793 et
669 754 795 792 eidem
842 753 946 792 idem
995 755 1159 804 habent,
1210 755 1243 792 B
1298 758 1392 805 post

55 826 90 851 v.
136 815 210 862 40,
258 814 290 851 F
334 816 424 862 post
464 815 530 852 38.
603 812 717 851 credo
767 814 920 850 secutos
966 813 1181 862 exemplar,
1229 814 1271 851 in
1312 827 1389 864 quo

55 871 256 909 diorthota
298 884 360 909 vv.
408 873 487 910 133
536 872 617 909 134
664 883 733 909 suo
777 871 862 909 1000
906 871 1060 920 punctis
1102 874 1171 909 aut
1206 873 1388 910 cancellis

53 930 211 967 notatos
248 929 349 966 circa
385 942 421 968 v.
456 930 512 968 40
549 929 590 966 111
625 929 802 979 margine
839 930 1142 979 perscripserat,
1181 931 1285 979 quod
1321 931 1388 968 1110

54 986 191 1035 voluit,
225 987 460 1025 examussim
491 987 668 1036 sequitur
693 987 741 1037 A,
772 988 839 1036 qui
869 999 948 1025 non
977 988 1053 1025 nisi
1083 991 1174 1037 post
1204 1002 1240 1027 v.
1266 991 1322 1027 40
1348 989 1390 1026 id

56 1045 249 1083 distichon
285 1046 416 1083 habet.
491 1046 596 1084 solus
633 1045 753 1083 codex
791 1046 822 1083 Τ
860 1046 964 1084 inter
1000 1047 1183 1084 meliores
1220 1049 1391 1097 utroque

54 1104 156 1151 1000,
195 1106 236 1141 et
265 1104 480 1152 posteriore
514 1104 763 1142 subiunctum
796 1105 1068 1153 supplemento
1100 1104 1263 1153 Auferet
1292 1107 1389 1155 1·011.,

55 1162 238 1199 servavit.
311 1162 495 1200 credibile
526 1162 623 1200 mihi
655 1165 714 1200 est
745 1162 986 1201 diorthotam
1018 1176 1040 1201 a
1070 1164 1233 1202 lacunae
1265 1164 1389 1214 signo,

55 1219 158 1267 quod
194 1220 270 1257 fuit
306 1223 395 1268 post
430 1233 465 1258 v.
499 1222 571 1269 40,
608 1221 829 1269 profectum
865 1221 1201 1271 circumspexisse,
1239 1223 1392 1272 ecquid,

56 1277 158 1326 quod
195 1277 269 1315 huc
306 1278 534 1327 quadraret,
570 1278 612 1316 in
646 1279 834 1327 proximis
870 1280 959 1317 tolli
990 1282 1140 1328 posset,
1178 1283 1219 1318 et
1254 1294 1389 1330 reppe-

53 1335 152 1372 risse
190 1336 310 1373 tertia
347 1336 485 1374 dehinc
526 1337 680 1386 pagina.
754 1337 796 1374 in
831 1337 1092 1376 fervidissimo
1129 1339 1198 1377 illo
1231 1340 1389 1378 exordio

54 1392 249 1430 distichon
279 1395 333 1431 43
362 1395 417 1431 44
448 1394 564 1431 nimis
597 1395 817 1432 solitarium
842 1407 903 1433 me
929 1396 1056 1434 iudice
1082 1398 1124 1434 et
1146 1397 1391 1447 incomptum

54 1451 225 1499 positum
256 1453 327 1489 est.

172 1509 355 1547 Ceterum
398 1510 524 1548 simile
569 1510 662 1559 quid
704 1513 861 1560 gestum
904 1511 1083 1550 fortassis
1127 1513 1167 1550 in
1211 1514 1389 1553 distichis

53 1569 137 1605 439
177 1569 262 1606 440
294 1570 334 1606 et
365 1569 446 1606 461
482 1570 577 1607 462.
651 1570 798 1607 habent
828 1570 924 1608 haec
955 1583 1061 1620 eum,
1099 1584 1175 1621 quo
1208 1573 1389 1623 eduntur,

52 1625 181 1663 locum
223 1626 264 1663 in
307 1626 414 1666 codd.
459 1625 534 1664 GP
579 1627 671 1675 Est,
711 1627 871 1666 DEFG
911 1629 1018 1666 meis.
1093 1632 1135 1668 at
1177 1630 1217 1668 in
1260 1632 1388 1669 THM

52 1683 127 1722 ΕΠ.
172 1684 346 1733 meisque
391 1685 540 1734 aliquot
582 1686 812 1736 vulgaribus
856 1687 1062 1726 coniuncta
1105 1691 1241 1727 extant
1284 1690 1390 1728 inter

52 1755 114 1780 vv.
147 1743 229 1781 338
263 1745 302 1780 et
343 1744 438 1782 339.
508 1745 674 1793 utroque
712 1746 796 1783 loco
835 1746 982 1794 scripta
1020 1749 1110 1785 sunt
1146 1747 1188 1784 in
1218 1747 1385 1786 Franco-

52 1799 209 1838 furtano
236 1803 338 1839 teste
358 1801 508 1851 Ellisio,
533 1805 672 1840 neutro
698 1803 739 1840 in
757 1803 1051 1842 Vindobonensi
1076 1807 1179 1843 teste
1200 1806 1387 1857 Hauptio,

53 1858 156 1907 quod
188 1859 235 1897 de
263 1859 440 1898 Francof.
473 1873 625 1910 quoque
657 1861 842 1900 Heinsius
876 1863 1041 1912 scripsit.
1104 1863 1263 1902 eaedem
1294 1868 1387 1904 sunt

51 1916 339 1955 vicissitudines
382 1918 423 1956 in
466 1919 648 1969 disticho,
692 1921 794 1970 quod
838 1921 967 1959 editur
1006 1923 1087 1960 637
1129 1924 1210 1962 638
1257 1936 1303 1961 ex
1341 1924 1386 1972 T,

53 1974 120 2012 sed
157 1975 197 2012 in
227 1976 344 2014 PFH
380 1978 474 2027 En„
514 1978 610 2016 meis
648 1979 724 2016 DE
761 1981 853 2028 post
882 1993 917 2018 v.
952 1981 1054 2030 339,
1092 1981 1133 2018 in
1165 1981 1247 2019 GM
1279 1984 1387 2020 utro-

52 2045 126 2081 que
174 2034 275 2084 loco,
324 2035 365 2072 in
407 2036 444 2073 A
487 2049 572 2074 meo
621 2039 761 2075 neutro
804 2038 960 2088 legitur.
1035 2039 1067 2076 si
1117 2040 1164 2077 de
1208 2040 1386 2079 distichis

53 2092 135 2129 339
165 2093 259 2141 340,
287 2094 368 2131 461
398 2095 480 2132 462
509 2094 679 2133 codicem
699 2095 732 2134 G
759 2097 969 2146 sequimur,
1003 2098 1223 2146 dispunctio
1248 2101 1386 2137 nostra

51 2149 285 2199 paginarum
318 2146 411 2204 (10)
444 2153 494 2190 ad
525 2148 618 2206 (15)
650 2167 745 2193 vera
777 2167 861 2194 esse
891 2155 1054 2204 poterit:
1093 2157 1124 2194 si
1157 2157 1188 2193 Τ
1222 2169 1383 2207 sequen-

51 2207 123 2245 dus
157 2209 219 2256 sit,
251 2209 325 2247 duo
346 2210 524 2261 disticha,
556 2213 697 2261 quibus
722 2227 759 2262 p.
779 2208 873 2265 (16)
901 2215 1082 2263 accrevit,
1115 2216 1383 2263 superioribus

51 2269 165 2304 erunt
203 2267 453 2307 detrahenda.
526 2271 673 2320 poterit
709 2272 973 2310 circumscribi
1012 2274 1092 2311 231
1135 2275 1235 2323 232,
1279 2275 1383 2323 quod
