1575 2489
182 86 267 128 272
720 87 972 119 PASTORL'M

359 194 522 233 Nomine
554 198 700 232 mutato
733 205 848 232 causa
879 193 998 231 relata
1029 205 1111 232 mea
1145 199 1229 232 est:

301 252 334 291 Ο
364 254 511 290 utinam
544 263 629 289 mea
661 262 775 302 sors,
807 263 880 301 qua
912 252 1081 301 primum
1114 255 1323 302 coeperat,
1354 251 1474 302 isset,

360 309 517 360 Iamque
550 321 619 359 ego
652 310 848 359 praesenti
878 313 1054 360 tempore
1085 309 1188 348 nulla
1220 307 1365 347 forem!

304 367 403 412 Quid
436 379 497 405 me
529 366 696 405 desertis
727 367 941 417 perituram
960 397 971 418 ‚
1002 366 1118 405 Liber
1137 398 1147 418 ‚
1178 366 1334 404 harenis

213 434 282 465 480
363 424 551 463 Servabas
570 421 591 463 *Ρ
633 426 743 475 potui
775 424 994 463 dedoluisse
1025 424 1165 463 semel.

300 482 450 521 Bacche
481 482 576 521 levis
594 514 605 534 ‚
636 482 834 533 leviorque
860 484 967 534 tuis,
1000 494 1096 533 quae
1128 488 1302 532 tempora
1328 483 1508 533 cingunt,

360 540 580 579 Frondibus
599 571 609 591 ,
640 542 679 579 iu
711 540 888 578 lacrimas
921 542 1072 591 cognite
1104 540 1252 579 Bacche
1285 551 1413 591 meas,

300 598 428 637 Ausus
461 611 502 637 es
533 604 621 637 ante
654 598 786 637 oeulos
818 598 982 637 adducta
1014 598 1159 649 paelice
1191 603 1346 636 nostros
1451 605 1510 638 (95)

360 657 453 695 Tam
485 656 584 694 bene
618 657 875 707 compositum
907 656 1113 694 sollicitare
1145 662 1273 694 torum
1293 653 1314 694 ‘2

213 723 280 753 485
302 714 385 753 Heu
417 714 485 753 ubi
516 719 625 765 pacta
657 714 752 752 fides
772 712 793 752 i>
835 714 901 753 ubi
920 745 930 765 ,
964 726 1060 765 quae
1093 715 1222 752 iurare
1255 711 1439 752 solebas?

360 772 418 811 Me
452 774 633 810 miseram
652 803 662 823 ‚
695 773 875 823 quotiens
906 772 1001 811 haee
1033 784 1102 823 ego
1135 770 1250 809 verba
1282 769 1452 822 loquar?

302 831 450 869 Thesea
483 830 694 882 culpabas,
726 830 976 881 fallacemque
1008 832 1090 881 ipse
1122 828 1308 868 vocabas:

360 889 506 927 Iudicio
539 901 676 939 peccas
709 890 862 939 turpius
893 890 976 940 ipse
1008 896 1098 927 tuo.

302 947 357 985 No
391 948 486 985 sciat
517 946 590 985 hoc
623 948 856 998 quisquam,
888 948 1093 996 tacitisque
1125 945 1324 984 doloribus
1355 957 1468 997 urar,

214 1013 283 1044 490
362 1004 418 1042 Ne
451 1006 592 1043 totiens
625 1004 703 1042 falli
735 1005 848 1055 digua
880 1005 1000 1043 fuisse
1032 1010 1172 1055 puter.

302 1062 516 1113 Praecipue
549 1064 700 1113 cupiam
733 1062 850 1101 celari
881 1062 1057 1114 Thesea,
1089 1074 1137 1100 ne
1169 1068 1207 1100 te

362 1120 591 1159 Consortcm
624 1120 758 1171 culpae
790 1120 955 1170 gaudeat
986 1132 1071 1159 esse
1104 1131 1218 1158 suae.

304 1178 352 1216 Ut
378 1183 471 1228 puto
491 1209 501 1229 ‚
533 1179 751 1229 praeposita
778 1184 838 1216 est
869 1178 999 1217 fuscae
1025 1177 1119 1216 mihi
1151 1176 1311 1216 candida
1342 1174 1510 1228 paelex?

360 1235 522 1274 Eveniat
553 1237 697 1274 nostris
728 1235 906 1274 hostibus
938 1235 1000 1274 ille
1033 1234 1161 1274 color!

214 1302 282 1333 495
304 1294 403 1340 Quid
436 1300 564 1332 tamen
596 1294 669 1332 hoc
701 1291 862 1332 refert?
905 1295 996 1333 vitio
1028 1293 1097 1332 tibi
1130 1294 1274 1344 gratior
1311 1294 1396 1343 ipso
1429 1300 1510 1332 est.

363 1352 463 1397 Quid
496 1353 591 1391 sacis
610 1350 631 1391 ‘?
675 1351 873 1403 amplexus
904 1353 1083 1403 inquinat
1114 1351 1175 1390 illa
1208 1357 1318 1390 tuos.

301 1410 451 1448 Bacche
470 1441 480 1461 ‚
513 1410 628 1449 fidem
659 1416 813 1461 praesta
832 1441 842 1461 ,
878 1422 950 1449 nec
981 1410 1135 1461 praefer
1167 1408 1362 1448 amoribus
1394 1408 1509 1447 ullam

361 1468 572 1519 Coniugis.
630 1468 786 1507 adsuevi
818 1480 971 1519 semper
1004 1480 1132 1507 amare
1164 1469 1312 1506 virum.

304 1526 519 1577 [Ceperunt
549 1533 711 1565 matrem
744 1527 904 1565 formosi
936 1538 1080 1565 cornua
1112 1527 1237 1576 tauri,

215 1594 282 1624 500
361 1584 420 1622 Me
452 1590 547 1624 tua:
591 1597 652 1623 me
684 1584 828 1636 laedit,
861 1584 923 1623 ille
955 1584 1160 1635 pudendus
1192 1595 1298 1621 amor
1314 1582 1340 1633 .]

304 1642 377 1693 [Ne
410 1648 576 1694 noceat,
608 1642 709 1693 quod
743 1654 856 1681 amo,
912 1654 1038 1693 neque
1071 1644 1174 1681 enim
1209 1641 1307 1693 tibi,
1339 1641 1510 1689 Bacche,

1022 1700 1209 1752 nocebat,

362 1758 473 1804 Quod
505 1759 677 1797 flammas
709 1757 820 1797 nobis
852 1759 978 1797 fassus
1010 1771 1051 1797 es
1083 1760 1166 1809 ipse
1197 1756 1324 1808 tuas.]

306 1816 432 1868 [Nec‚
465 1817 568 1868 quod
601 1829 670 1855 nos
703 1818 815 1868 uris,
853 1818 993 1855 mirum
1033 1817 1156 1855 sacis.
1211 1822 1321 1855 ortus
1352 1817 1392 1854 in
1423 1817 1511 1866 igne

362 1874 511 1913 Diceris
530 1907 540 1927 ,
573 1881 612 1914 et
641 1876 766 1926 patria
799 1881 932 1926 raptus
964 1874 1010 1914 ab
1041 1877 1130 1925 igne
1160 1873 1317 1924 manu]

218 1942 284 1972 505
306 1933 371 1971 llla
404 1945 474 1984 ego
508 1946 623 1984 sum,
656 1935 718 1972 cui
750 1938 792 1972 tu
825 1933 962 1972 solitus
993 1935 1220 1984 promittere
1253 1932 1423 1971 caelum.
1456 1940 1510 1973 (96)

361 1991 407 2029 Εἰ
438 1991 561 2043 mihi,
593 2003 663 2042 pro
696 1991 800 2030 caelo
834 1991 959 2042 qualia
991 1991 1089 2030 dona
1121 1987 1249 2029 ferol'
1567 1984 1569 1995 ¹

303 2049 486 2088 Dixerat.
543 2049 699 2088 audibat
729 2049 952 2088 iamdudum
983 2049 1099 2088 verba
1131 2050 1331 2099 querentis

360 2107 504 2160 Liber,
537 2114 580 2147 ut
611 2120 631 2146 a
663 2113 772 2159 tergo
805 2108 904 2146 forte
936 2113 1095 2146 secutus
1127 2113 1231 2146 erat.

304 2165 477 2217 Occupat
508 2166 716 2217 amplexu,
747 2166 1002 2217 lacrimasque
1033 2177 1104 2217 per
1135 2165 1267 2204 oscula
1299 2166 1438 2217 siccat,

217 2232 283 2262 510
362 2223 411 2263 Et
443 2222 610 2275 ‘pariter
642 2223 736 2264 caeli
769 2235 917 2263 summa
948 2229 1125 2274 petamus
1146 2220 1177 2262 !’
1221 2225 1275 2262 ait

304 2278 383 2320 ‘Tu
417 2283 511 2321 mibi
536 2284 668 2322 iuncta
699 2289 785 2321 toro
816 2281 910 2321 mihi
941 2283 1070 2321 iuncta
1103 2281 1286 2321 vocabula
1318 2292 1469 2333 sumes;
