1601 2484
523 76 585 109 111.
613 74 673 109 1vb
696 78 830 109 τες-Ἦ
851 78 883 109 9.
1314 68 1369 112 47

156 186 206 224 Et
236 185 368 224 faciles
399 189 528 222 motus
559 195 668 222 mens
700 194 888 233 generosa
919 183 1043 232 capit.

158 244 328 294 Corpora
359 243 603 292 magnanimo
637 243 729 280 satis
761 247 820 279 est
850 246 1068 291 prostrasse
1100 238 1227 290 leoni,

155 302 289 352 Pugna
320 312 434 339 suum
466 301 582 338 finem
601 331 612 350 ,
644 311 733 338 cum
764 301 864 337 iacet
895 298 1017 337 hostis
1036 329 1047 349 ‚
1078 297 1217 336 habet:

92 367 137 400 35
157 360 205 398 At
236 359 351 410 lupus
383 363 422 397 et
453 364 588 408 turpes
619 358 764 396 instant
795 355 1052 395 morientibus
1084 357 1166 394 ursi

156 418 206 456 Et
237 428 504 468 quaecumque
536 417 664 454 minor
695 414 894 453 nobilitate
927 415 1030 452 fera.

157 476 280 514 Maius
312 474 413 526 apud
446 474 600 512 Troiam
634 474 725 511 sorti
758 473 848 523 quid
881 472 1069 510 habemus
1100 468 1282 509 Achille?

157 533 339 572 Dardanii
369 533 547 571 lacrimas
579 543 656 569 non
688 530 776 570 tulit
807 530 870 568 ille
904 531 1030 568 senis.

158 591 263 637 Quae
296 591 406 630 ducis
438 589 606 629 Emathii
637 590 756 627 fuerit
787 588 1013 639 clementia,
1044 586 1170 625 Porus

93 658 138 689 40
159 650 350 700 Dareique
382 649 522 686 docent
553 648 702 686 funeris
735 647 944 697 exequiae.

157 707 261 746 Neve
291 707 492 745 hominum
523 706 690 744 referam
721 705 840 743 flexas
871 703 918 742 ad
950 703 1082 741 mitius
1113 703 1214 748 iras,

158 766 317 805 Iunonis
348 777 468 816 gener
500 769 587 816 est,
620 765 687 814 qui
717 764 826 813 prius
857 762 980 799 hostis
1013 765 1115 799 erat.

157 824 332 874 Denique
364 835 442 861 non
472 833 633 873 possum
664 820 806 859 nullam
839 831 997 870 sperare
1031 818 1218 870 salutem,

159 881 254 920 Cum
286 892 434 931 poenae
466 892 543 918 non
576 881 626 917 sit
657 889 772 917 causa
804 883 966 916 cruenta
998 888 1130 915 meae.

95 947 138 978 45
159 939 244 977 Non
274 938 398 990 mihi,
432 938 635 988 quaerenti
666 935 918 988 pessumdare
951 940 1121 987 cuncta,
1151 935 1317 985 petitum

159 997 390 1036 Caesareum
423 1001 538 1046 caput
570 1000 657 1046 est,
689 994 792 1045 quod
825 999 942 1044 caput
973 992 1080 1031 orbis
1112 999 1214 1044 erat3

158 1055 242 1094 Non
274 1054 417 1105 aliquid
450 1054 529 1092 dixi
560 1053 776 1103 violataque
807 1052 939 1102 lingua
970 1050 1166 1101 loquendo
1199 1056 1259 1089 est

158 1114 359 1164 Lapsaque
391 1118 483 1150 sunt
513 1113 632 1150 nimio
665 1110 780 1149 verba
812 1110 973 1161 profana
1004 1121 1137 1148 mero:

161 1171 285 1210 Inscia
318 1171 420 1221 quod
452 1171 600 1208 crimen
632 1169 814 1207 viderunt
847 1168 1018 1219 lumina,
1050 1167 1224 1220 plector,

97 1238 139 1268 50
159 1230 445 1279 Peccatumque
477 1227 610 1266 oculos
643 1233 703 1265 est
732 1226 916 1265 habuisse
948 1238 1101 1264 meum.

159 1287 243 1325 Non
276 1286 457 1337 equidem
488 1291 606 1324 totam
639 1297 797 1335 possum
829 1284 1038 1324 defendere
1071 1283 1247 1334 eulpam:

161 1345 235 1384 Sed
266 1350 417 1396 partem
448 1345 573 1382 nostri
603 1344 778 1382 criminis
809 1354 920 1381 error
951 1341 1090 1380 habet.

161 1403 257 1454 Spes
288 1404 408 1453 igitur
439 1407 648 1453 superest,
680 1401 902 1453 facturum,
934 1406 978 1439 ut
1008 1399 1155 1438 molliat
1186 1400 1270 1450 ipse

160 1461 297 1499 Mutati
328 1471 491 1511 poenam
524 1460 751 1498 condicione
783 1459 880 1497 loci.

96 1528 138 1559 55
159 1519 238 1557 Hos
269 1519 418 1557 utinam
451 1517 564 1556 nitidi
597 1517 696 1555 Solis
728 1518 985 1567 praenuntius
1018 1522 1128 1555 ortus

159 1578 303 1616 Afferat
334 1576 501 1615 admisso
533 1575 692 1614 Lucifer
724 1574 834 1613 albus
866 1573 987 1625 equo!

665 1702 744 1749 VI.

157 1808 311 1848 Foedus
342 1809 533 1847 amicitiae
565 1819 637 1847 nec
668 1809 725 1846 vis
744 1839 755 1859 ,
787 1808 987 1846 carissime
1006 1839 1017 1859 ‚
1049 1811 1230 1859 nostrae,

156 1867 237 1906 Nec
268 1868 302 1906 si
332 1868 432 1905 forte
464 1866 558 1905 velis
577 1898 588 1919 ‚
620 1866 865 1905 dissimulare
897 1871 1031 1917 potes.

156 1925 286 1964 Donec
318 1927 421 1964 enim
451 1925 589 1977 licuit,
621 1937 693 1964 nec
724 1930 762 1963 te
795 1925 890 1963 mihi
921 1925 1048 1962 carior
1079 1923 1200 1975 alter,

156 1983 236 2022 Nec
268 1983 338 2023 tibi
369 1995 430 2022 me
463 1989 542 2022 tota
573 1984 744 2022 iunctior
776 1982 878 2021 Urbe
911 1982 1007 2021 fuit.

116 2050 135 2081 5
156 2042 270 2093 Isque
303 2047 386 2080 erat
416 2053 542 2093 usque
574 2041 668 2080 adeo
700 2041 843 2093 populo
878 2045 1066 2091 testatus,
1097 2045 1141 2078 ut
1174 2045 1276 2078 esset

155 2100 282 2138 Paene
313 2102 436 2151 magis
468 2112 583 2151 quam
613 2105 657 2139 tu
689 2111 881 2150 quamque
915 2111 984 2149 ego
1026 2103 1171 2149 notus,
1205 2110 1330 2136 amor.

158 2157 330 2209 [Quique
362 2164 422 2197 est
451 2160 492 2197 in
524 2159 624 2197 caris
656 2159 774 2197 animi
805 2157 876 2196 tibi
907 2157 1051 2195 candor
1083 2157 1239 2195 amicis.

156 2216 317 2267 Cognita
348 2222 440 2255 sunt
469 2218 574 2269 ipsi,
606 2229 721 2268 quem
754 2215 848 2255 colis
867 2246 878 2267 ,
909 2217 982 2253 ista
1014 2215 1095 2252 viro
1114 2213 1140 2264 .]

155 2274 216 2313 Nil
249 2276 302 2314 ita
333 2275 515 2329 celabas,
546 2281 591 2314 ut
621 2287 699 2314 non
733 2286 803 2325 ego
837 2275 1018 2312 conscius
1050 2284 1175 2312 essem
1186 2303 1199 2325 ‚
