1575 2489
186 88 240 129 68
738 87 963 119 TRISTIUM

239 205 282 236 70
302 197 529 247 Purpureus
562 194 667 233 molli
698 195 764 232 fiat
794 195 835 232 in
870 206 937 232 ore
968 193 1118 245 pudor.

305 254 381 293 Sed
414 254 534 303 magis
565 254 605 291 in
637 264 771 290 curam
802 253 927 290 nostri
957 263 1150 301 consurge
1181 249 1340 301 tuendi,

303 311 612 361 Exemplumque
644 310 738 348 mihi
771 311 947 361 coniugis
979 315 1062 348 esto
1094 309 1241 359 bonae,

304 370 581 419 Materiamque
614 369 691 406 tuis
723 369 876 406 tristem
907 367 1118 406 virtutibus
1149 365 1289 416 imple:

304 428 434 466 Ardua
465 438 536 478 per
567 437 754 477 praeceps
785 425 907 477 gloria
937 425 1041 464 vadit
1070 427 1169 464 iter.

242 494 285 525 75
308 485 473 524 Hectora
506 486 593 535 quis
625 489 787 535 nosset,
818 483 909 522 felix
941 485 974 522 si
1004 483 1121 521 Troia
1152 478 1325 521 fuisset?

306 543 467 583 Publica
499 543 653 580 virtutis
684 554 755 593 per
786 541 884 580 mala
915 542 1015 580 sacta
1045 543 1105 579 via
1136 547 1218 579 est.

306 604 379 640 Ars
405 608 495 652 tua,
520 600 668 651 Tiphy,
695 606 826 651 vacet,
853 601 886 638 si
912 612 990 638 non
1017 601 1067 637 sit
1091 601 1130 637 in
1157 610 1326 649 aequore
1352 597 1518 636 fluctus:

309 660 350 698 Si
381 659 531 697 valeant
562 658 739 696 homines
758 689 769 709 ‚
801 669 863 696 ars
895 664 960 696 tua
980 689 990 708 ,
1020 656 1207 708 Phoebe,
1238 661 1370 694 vacet.

308 718 413 763 Quae
446 717 539 756 latet
568 718 687 766 inque
718 715 831 754 bonis
864 721 991 754 cessat
1025 727 1103 753 non
1135 715 1288 764 cognita
1319 712 1463 764 rebus,

244 785 288 815 80
308 777 479 827 Apparet
509 776 632 813 virtus
665 775 919 824 arguiturque
951 773 1084 812 malis.

309 834 381 872 Dat
413 833 484 872 tibi
515 838 646 871 nostra
680 832 809 870 locum
840 832 942 871 tituli
975 832 1161 882 fortuna,
1188 835 1381 881 caputque

309 892 572 942 conspicuum
604 892 728 940 pietas
761 902 834 940 qua
867 896 933 929 tua
964 889 1101 940 tollat,
1132 888 1270 927 habet.

309 950 427 989 Utere
453 948 694 1000 temporibus
714 981 724 999 ‚
757 960 924 998 quorum
957 960 1060 986 nunc
1093 959 1255 985 munere
1281 943 1311 996 †
1337 946 1435 985 freta
1466 951 1524 984 est

310 1008 359 1047 Et
390 1012 495 1059 patet
525 1009 566 1045 in
597 1006 730 1045 laudes
763 1019 851 1044 area
884 1018 1021 1057 magna
1052 1004 1161 1044 tuas!

823 1133 902 1180 IV.

313 1240 344 1279 Ο
378 1242 446 1291 qui
463 1270 474 1291 ‚
506 1238 728 1278 nominibus
761 1250 849 1277 cum
882 1239 935 1276 sis
966 1249 1181 1288 generosus
1214 1248 1396 1284 avorum,

313 1298 535 1349 Exsuperas
568 1308 721 1335 morum
753 1296 953 1335 nobilitate
985 1308 1132 1346 genus,

315 1356 434 1395 Cuius
466 1358 569 1395 inest
601 1357 728 1393 animo
760 1356 875 1406 patrii
907 1354 1087 1393 candoris
1118 1355 1266 1405 imago,

315 1415 400 1452 Non
432 1420 562 1453 careat
593 1415 723 1452 nervis
755 1413 899 1452 candor
931 1418 975 1451 ut
1005 1414 1078 1451 iste
1111 1413 1215 1464 suis,

276 1482 295 1512 5
318 1473 436 1511 Cuius
468 1474 507 1511 in
540 1473 694 1522 ingenio
727 1478 787 1510 est
817 1473 963 1522 patriae
996 1470 1175 1509 facundia
1206 1470 1384 1521 linguae,

317 1531 400 1575 Qua
431 1532 539 1582 prior
571 1532 610 1568 in
642 1529 750 1568 Latio
783 1541 858 1568 non
893 1530 965 1568 suit
997 1528 1074 1567 ulla
1105 1529 1189 1567 foro
1216 1550 1261 1555 —

319 1589 431 1634 Quod
463 1590 620 1627 minime
652 1587 757 1627 volui
774 1619 785 1639 ,
817 1589 954 1639 positis
986 1599 1056 1638 pro
1089 1588 1245 1626 nomine
1276 1588 1398 1637 signis

318 1647 453 1686 Dictus
485 1659 556 1685 es:
605 1648 783 1697 ignoscas
815 1646 994 1684 laudibus
1026 1647 1108 1697 ipse
1142 1644 1243 1684 tuis!

319 1705 381 1743 Nil
413 1717 483 1755 ego
515 1706 701 1756 peccavi;
732 1711 799 1743 tua
830 1711 868 1743 te
900 1704 1001 1742 hona
1033 1706 1187 1755 cognita
1217 1703 1411 1755 produnt.

260 1773 300 1803 10
323 1763 364 1802 Si
396 1763 499 1814 quod
531 1775 572 1801 es
591 1794 602 1814 ,
634 1775 797 1814 appares
816 1794 826 1814 ‚
859 1763 971 1814 culpa
1004 1762 1129 1801 soluta
1163 1774 1247 1801 mea
1278 1768 1360 1801 est.

320 1822 399 1860 Nec
433 1828 561 1860 tamen
594 1822 765 1860 officium
797 1828 930 1860 nostro
969 1820 1041 1859 tibi
1073 1822 1244 1860 carmine
1275 1821 1419 1859 factum

322 1880 504 1931 Principe
536 1886 614 1918 tam
646 1881 749 1918 iusto
781 1892 896 1930 posse
928 1891 1070 1918 nocere
1102 1885 1219 1931 puto.

322 1938 408 1989 Ipse
441 1944 551 1990 pater
582 1939 728 1989 patriae
754 1959 801 1965 --
833 1938 926 1989 quid
959 1939 1062 1976 enim
1095 1944 1154 1976 est
1186 1937 1336 1976 civilius
1367 1934 1468 1976 illo?
1493 1955 1538 1963 -

326 1996 502 2036 Sustinet
532 1998 572 2035 in
604 2002 738 2035 nostro
772 1998 942 2035 carmine
975 2008 1090 2048 saepe
1122 1996 1219 2047 legi.

264 2064 304 2093 15
325 2054 403 2094 Nec
436 2054 642 2106 prohibere
675 2060 833 2106 potest,
872 2056 962 2106 quia
993 2066 1056 2093 res
1096 2061 1155 2093 est
1191 2054 1345 2105 publica
1377 2053 1539 2106 Caesar,

325 2113 374 2151 Et
406 2114 452 2152 de
486 2115 681 2152 communi
712 2125 801 2164 pars
834 2125 989 2164 quoque
1021 2119 1154 2152 nostra
1186 2111 1287 2151 bono
1320 2119 1401 2152 est.

328 2172 501 2223 luppiter
533 2173 698 2223 ingeniis
729 2171 890 2222 praebet
921 2183 990 2209 sua
1023 2174 1181 2210 numina
1212 2176 1366 2224 vatum,

328 2229 456 2280 Seque
490 2230 681 2269 celebrari
712 2230 886 2280 quolibet
918 2242 985 2268 ore
1018 2232 1131 2268 sinit.

329 2287 451 2327 Causa
483 2296 548 2328 tua
581 2288 755 2338 exemplo
789 2300 1021 2340 superorum
1054 2295 1135 2327 tuta
1167 2289 1334 2327 duorum
1365 2294 1449 2342 est,
