1575 2489
598 59 656 91 IV.
685 60 881 92 419—489.
1328 57 1414 99 297

106 174 174 205 455
202 166 374 205 Attonita
407 171 467 205 est
497 166 682 218 plangore
714 165 862 218 Ceres,
895 187 938 193 —
971 166 1084 205 modo
1117 173 1276 206 venerat

920 223 1097 263 Hennam
1130 247 1173 252 -—

251 283 332 321 Nec
364 294 501 334 mora,
536 280 617 322 ‘me
650 281 861 322 miseram!
894 280 1015 335 filia‚'
1048 283 1145 322 dixit
1177 281 1265 322 ‘ubi
1298 281 1415 323 estP'

193 341 335 380 Mentis
366 343 479 392 inops
511 343 691 394 rapitur,
724 341 857 392 quales
889 341 1024 380 audire
1057 341 1228 381 solemus

253 399 454 438 Threicias
486 400 585 438 susis
618 400 822 439 maenadas
852 401 910 439 ire
943 401 1087 439 comis.

192 457 243 497 Ut
273 457 393 497 vitulo
425 460 550 509 mugit
582 470 651 498 sua
682 464 807 500 mater
838 458 885 497 ab
917 457 1038 497 ubere
1070 464 1206 510 rapto,

105 524 172 556 460
252 515 301 555 Et
333 517 488 568 quaerit
519 517 621 556 setus
652 529 723 568 per
755 528 893 556 nemus
926 529 1039 555 omne
1073 529 1189 556 suos:

194 574 258 613 Sic
290 575 360 613 dea
392 586 465 613 nec
497 577 642 614 retinet
673 577 870 628 gemitus,
902 581 941 614 et
973 577 1124 615 concita
1157 587 1277 615 cursu

251 632 423 685 Fertur,
455 640 495 672 et
527 646 547 672 e
580 636 727 685 campis
758 635 925 686 incipit,
956 634 1093 673 Henna
1112 666 1122 686 ,
1154 636 1255 673 tuis.

192 691 285 730 Inde
318 692 503 743 puellaris
536 699 647 732 nacta
680 698 740 732 est
771 694 931 744 vestigia
963 693 1141 744 plantae,

251 749 300 789 Et
331 763 508 801 pressam
540 757 631 790 noto
663 751 837 803 pondere
869 751 964 790 vidit
995 752 1182 802 humum3

102 816 171 848 465
191 809 371 848 Forsitan
403 809 466 848 illa
499 809 581 849 dies
614 811 760 848 erroris
793 821 943 849 summa
975 810 1134 861 suisset,

251 867 292 906 Si
323 880 402 907 non
433 867 659 907 turbassent
691 869 799 918 signa
831 874 988 919 reperta
1020 879 1134 906 sues.

189 925 347 977 lamque
379 926 590 965 Leontinos
621 927 896 977 Amenanaque
928 926 1088 965 flumina
1120 938 1239 965 cursu

248 984 444 1023 Praeterit
475 990 514 1023 et
545 987 678 1036 ripas,
710 984 885 1023 herbifer
917 985 1015 1037 Aci,
1047 990 1155 1024 tuas:

190 1042 384 1082 Praeterit
416 1049 455 1082 et
487 1043 642 1094 Cyanen
675 1049 713 1082 et
745 1044 872 1082 fontes
904 1043 1003 1082 lenis
1035 1044 1161 1095 Anapi

101 1109 169 1140 470
248 1101 299 1140 Et
330 1107 397 1154 te,
429 1102 642 1140 verticibus
674 1114 752 1140 non
785 1102 961 1140 adeunde
995 1101 1109 1141 Gela.

190 1160 377 1211 Liquerat
409 1159 594 1211 Ortygien
626 1159 882 1211 Megareaque
914 1160 1228 1212 Pantagienque,

250 1218 411 1269 Quaque
445 1218 694 1269 Symaetheas
727 1220 869 1271 accipit
900 1231 1046 1270 aequor
1079 1231 1221 1270 aquas,

189 1277 387 1328 Antraque
421 1276 632 1329 Cyclopum
666 1279 802 1329 positis
835 1284 971 1317 exusta
1005 1279 1189 1329 caminis,

249 1335 402 1386 Quique
436 1335 547 1375 locus
580 1348 720 1375 curvae
752 1338 909 1375 nomina
940 1336 1048 1376 falcis
1080 1336 1220 1375 habet:

100 1402 168 1433 475
189 1393 426 1445 Himeraque
453 1400 492 1434 et
516 1394 705 1446 Didymen
725 1395 1018 1446 Acragantaque
1039 1395 1405 1447 Tauromenenque,

249 1452 536 1504 Sacrarumque
568 1452 693 1492 Melan
725 1465 868 1504 pascua
900 1453 999 1492 laeta
1031 1453 1173 1493 boum.
1353 1476 1413 1481 —

189 1511 289 1550 Hinc
317 1510 547 1550 Camerinan
574 1511 681 1559 adit,
707 1512 969 1563 Thapsonque
997 1518 1035 1552 et
1060 1512 1216 1551 Heloria
1242 1512 1411 1565 Tempe,

247 1569 408 1621 Quaque
440 1575 546 1621 patet
577 1570 745 1621 zephyro
779 1583 934 1622 semper
967 1577 1126 1622 apertus
1158 1571 1285 1622 Eryx.

187 1628 345 1679 Iamque
377 1628 608 1668 Peloriaden
639 1628 896 1681 Lilybaeaque
917 1661 927 1678 ,
959 1631 1114 1681 iamque
1146 1629 1356 1681 Pachynon

99 1694 167 1726 480
246 1686 478 1739 Lustrarat,
510 1694 638 1726 terrae
672 1700 817 1727 cornua
850 1689 951 1727 trina
984 1700 1100 1727 suae.

187 1744 440 1796 Quacumque
473 1746 694 1797 ingredi-tur
712 1777 723 1797 ,
756 1748 910 1785 miseris
942 1747 1025 1786 loca
1053 1753 1193 1786 cuncta
1223 1747 1410 1799 querellis

245 1803 413 1855 Implet,
446 1810 489 1843 ut
521 1806 706 1843 amissum
739 1817 827 1844 cum
860 1807 980 1856 gemit
1011 1805 1090 1844 ales
1123 1806 1229 1856 Ityn.

185 1861 339 1914 Perque
372 1863 476 1901 vices
508 1863 622 1901 modo
657 1860 926 1915 ‘Persephone
947 1861 977 1902 1²
1010 1864 1125 1902 modo
1159 1862 1255 1902 ‘filia
1277 1861 1306 1903 l’

916 1921 1076 1975 clamat,

246 1979 423 2032 Clamat,
455 1986 494 2019 et
525 1980 686 2019 alternis
718 1992 860 2019 nomen
892 1986 1106 2032 utrumque
1138 1982 1238 2033 ciet,

98 2046 165 2079 485
188 2038 263 2077 Sed
296 2051 425 2090 neque
456 2038 707 2091 Persephone
740 2039 955 2091 Cererem,
986 2052 1058 2078 nec
1091 2040 1168 2079 filia
1199 2046 1365 2079 matrem

243 2097 390 2150 Audit,
423 2103 462 2136 et
493 2097 652 2137 alternis
685 2110 827 2137 nomen
859 2104 1071 2150 utrumque
1104 2101 1229 2152 perit3

184 2154 376 2208 Unaque,
409 2162 606 2207 pastorem
638 2157 799 2196 vidisset
831 2169 878 2195 an
911 2169 999 2195 arva
1033 2157 1248 2209 colentem,

243 2213 323 2253 Vox
356 2220 439 2254 erat
471 2212 564 2254 ‘hae
595 2227 755 2267 gressus
788 2227 910 2266 ecqua
942 2215 1070 2267 puella
1102 2213 1244 2255 tulit?'

183 2272 261 2311 Iam
295 2272 402 2312 color
433 2285 537 2312 unus
569 2275 672 2314 inest
702 2274 851 2326 rebus,
885 2274 1137 2326 tenebrisque
1171 2281 1359 2327 teguntur
