1601 2484
553 65 597 97 11.
627 65 821 96 136—209.
1299 59 1352 100 27

139 171 213 211 Per
245 183 361 222 quem
391 170 490 210 bella
522 173 654 222 geris,
681 172 793 210 cuius
825 182 929 209 nunc
961 181 1125 221 corpore
1158 181 1326 220 pugnas,

141 230 367 280 Auspicium
399 231 463 268 cui
495 229 561 268 das
593 229 737 280 grande
770 229 941 279 deosque
974 235 1085 278 tuos,

55 295 120 327 175
142 288 403 338 [Dimidioque
435 289 493 326 tui
523 299 709 338 praesens
742 292 780 326 et
811 288 973 338 respicis
1004 285 1166 336 urbem,

140 346 303 384 Dimidio
335 345 472 397 procul
504 358 545 384 es
577 357 766 396 saevaque
798 345 897 383 bella
929 346 1032 395 geris
1044 343 1071 393 z]

140 404 210 442 Hic
243 403 314 443 tibi
346 405 401 442 sic
433 403 567 442 redeat
599 409 781 454 superato
814 405 936 442 victor
969 402 1015 440 ab
1048 402 1183 452 hoste,

144 463 263 513 lnque
297 463 492 501 coronatis
526 461 670 512 fulgeat
701 461 801 500 altus
834 460 973 511 equis!
1000 481 1054 487 ——

142 520 285 571 Parce,
316 532 481 571 precor,
507 520 731 570 fulmenque
759 526 892 569 tuum,
926 520 1007 556 fera
1034 518 1129 565 tela,
1166 516 1355 569 reconde,

57 586 121 618 180
142 578 225 617 Heu
257 580 419 617 nimium
453 579 595 616 misero
629 579 782 628 cognita
815 577 889 615 tela
921 575 1037 614 mihi!

140 637 260 675 Parce
280 668 290 688 ,
321 642 432 687 pater
463 637 610 687 patriae
629 667 639 687 ,
672 648 744 674 nec
776 636 943 673 nominis
975 636 1166 672 inmemor
1197 633 1313 672 huius

142 694 241 733 Olim
273 694 449 745 placandi
482 706 590 745 spem
623 693 716 732 mihi
750 692 838 731 tolle
871 691 950 730 tui!

140 753 225 791 Non
258 765 427 803 precor,
459 758 502 791 ut
534 752 719 802 redeam,
753 751 927 801 quamvis
959 751 1104 788 maiora
1136 751 1269 801 petitis

141 811 333 849 Credibile
367 817 426 849 est
457 823 615 861 magnos
649 821 763 859 saepe
796 808 948 846 dedisse
983 808 1100 847 deos:

55 876 120 908 185
140 869 271 907 Mitius
304 869 460 907 exilium
494 870 526 907 si
558 868 625 906 das
656 869 895 918 propiusque
928 868 1103 918 roganti,

140 927 232 965 Pars
265 929 339 966 erit
372 939 417 965 ex
448 938 573 978 poena
605 938 740 977 magna
772 925 894 963 levata
926 936 1032 973 mea.

140 985 280 1024 Ultima
311 987 511 1036 perpetior
542 985 690 1023 medios
723 985 872 1022 eiectus
903 984 943 1021 in
975 983 1132 1034 hostes,

140 1043 220 1082 Nec
254 1045 459 1094 quisquam
492 1044 616 1093 patria
648 1042 800 1093 lonqus
833 1041 921 1080 exul
954 1040 1085 1079 abest.

144 1102 257 1140 Solus
290 1102 336 1140 ad
370 1114 551 1152 egressus
584 1103 727 1139 missus
760 1099 1024 1150 septemplicis
1056 1099 1179 1138 Histri

56 1168 120 1199 190
141 1160 368 1199 Parrhasiae
400 1160 526 1210 gelido
559 1161 718 1210 virginis
751 1170 819 1196 axe
851 1170 1032 1209 premor3

144 1215 312 1272 [lazyges
345 1224 383 1257 et
415 1217 548 1256 Colchi
580 1217 828 1267 Metereaque
860 1216 974 1255 turba
1007 1215 1204 1266 Getaeque

142 1277 304 1315 Danuvii
336 1276 473 1314 mediis
505 1277 566 1314 vix
599 1275 858 1325 prohibentur
890 1275 999 1324 aquis
1015 1273 1041 1323 .]

142 1335 316 1385 Cumque
350 1334 413 1372 alii
444 1346 559 1372 causa
592 1333 662 1372 tibi
694 1335 772 1371 sint
803 1334 979 1383 graviore
1012 1332 1155 1383 fugati,

142 1393 310 1432 Ulterior
342 1392 466 1443 nulli,
499 1403 614 1442 quam
646 1391 769 1441 mihi,
802 1398 905 1429 terra
938 1390 1024 1428 data
1057 1396 1138 1428 est.

56 1460 120 1490 195
142 1451 312 1502 Longius
345 1450 416 1489 hac
444 1449 537 1488 nihil
570 1455 657 1501 est,
690 1451 764 1487 nisi
797 1455 946 1487 tantum
975 1449 1097 1499 frigus
1131 1453 1169 1486 et
1201 1447 1357 1500 hostes,

142 1509 191 1548 Et
222 1510 340 1548 maris
372 1508 561 1547 adstricto
595 1519 692 1558 quae
726 1508 804 1546 coit
835 1507 937 1545 unda
969 1506 1081 1557 gelu.

141 1568 336 1606 Hactenus
369 1567 511 1605 Euxini
544 1578 632 1617 pars
665 1571 725 1604 est
756 1565 927 1603 Romana
960 1566 1133 1603 sinistri:

143 1626 323 1664 Proxima
354 1625 565 1663 Basternae
599 1624 927 1674 Sauromataeque
962 1628 1121 1662 tenent.

143 1684 247 1723 Haec
280 1690 339 1723 est
370 1685 540 1722 Ausonio
575 1682 646 1721 sub
679 1684 764 1720 iure
797 1683 1006 1720 novissima
1039 1682 1178 1732 vixque

55 1751 122 1782 200
143 1742 287 1781 Haeret
317 1744 357 1780 in
389 1743 544 1792 imperii
576 1743 749 1791 margine
782 1746 887 1779 terra
919 1741 999 1778 tui.

145 1801 251 1840 Unde
284 1812 425 1851 precor
457 1799 619 1850 supplex
651 1805 694 1837 ut
725 1811 796 1837 nos
828 1800 867 1837 in
900 1803 982 1837 tuta
1014 1797 1188 1849 releges,

141 1859 197 1898 Ne
230 1861 279 1897 sit
310 1871 399 1897 cum
431 1859 554 1908 patria
584 1870 658 1908 pax
690 1869 845 1907 quoque
884 1857 1062 1907 adempta
1095 1856 1212 1907 mihi,

142 1918 197 1956 Ne
230 1919 386 1956 timeam
412 1923 547 1967 gentes
565 1947 576 1967 ,
609 1928 704 1966 quas
731 1927 808 1953 non
835 1915 933 1954 bene
961 1921 1179 1953 summovet
1206 1913 1357 1966 Hister,

141 1976 244 2014 Neve
278 1982 367 2014 tuus
399 1976 545 2026 possim
577 1975 670 2013 civis
702 1974 748 2012 ab
781 1974 892 2012 hoste
924 1975 1031 2024 capi.

56 2041 122 2074 205
143 2034 215 2073 Fas
247 2033 430 2084 prohihet
461 2032 569 2071 Latio
602 2044 836 2083 quemquam
869 2031 916 2070 de
949 2032 1136 2082 sanguine
1169 2036 1302 2070 natum

144 2092 373 2131 Caesaribus
406 2091 519 2130 salvis
552 2091 714 2129 barbara
747 2091 870 2129 vincla
902 2091 1004 2141 pati.

143 2150 390 2190 Perdiderint
422 2162 510 2189 cum
543 2162 602 2188 me
630 2149 706 2187 duo
740 2150 931 2199 crimina,
964 2160 1120 2186 carmen
1153 2153 1191 2187 et
1224 2160 1358 2199 error,

145 2210 316 2248 Alterius
349 2209 439 2247 sacti
471 2208 584 2259 culpa
617 2207 764 2246 silenda
796 2207 912 2245 mihi:

143 2267 238 2306 Nam
264 2279 341 2306 non
368 2279 453 2306 sum
479 2268 598 2318 tanti,
626 2277 809 2305 renovem
831 2271 872 2303 ut
899 2271 963 2303 tua
991 2263 1173 2317 vulnera,
1194 2265 1347 2315 Caesar,
