1575 2489
457 94 518 128 IV.
544 102 572 127 x
593 94 749 127 119—V.
772 102 789 128 Ι
807 96 862 128 54.
1274 93 1327 133 81

115 202 279 253 Aptior,
310 202 511 252 ingenium
543 203 635 241 mite
654 233 665 254 ,
696 201 874 241 Tibullus
906 203 1002 240 erit.

118 260 244 310 Atque
274 261 423 298 utinam
456 271 620 298 numero
652 272 731 298 non
762 272 834 299 nos
866 271 1040 298 essemus
1071 260 1112 297 in
1144 257 1240 298 isto!

53 324 97 356 20
116 317 162 355 Ei
193 317 287 355 mihi
305 348 317 369 ,
348 329 420 356 cur
450 329 635 368 umquam
666 317 775 356 Musa
806 319 930 357 iocata
961 329 1045 356 mea
1078 316 1159 355 est!

118 374 194 413 Sed
226 375 402 414 dedimus
434 387 579 426 poenas
598 407 609 428 ,
643 375 891 427 Scythicique
924 377 964 414 in
996 374 1139 414 finibus
1170 374 1292 414 Histri

116 432 183 471 Ille
215 432 429 483 pharetrati
459 433 567 472 lusor
599 434 752 473 Amoris
784 433 917 472 abest.

119 490 229 536 Quod
263 497 473 543 superest,
505 504 690 531 numeros
723 491 769 531 ad
800 491 955 543 publica
987 492 1159 531 carmina
1189 491 1302 544 flexi,

117 548 167 587 Et
198 560 391 588 memores
422 551 520 588 iussi
551 551 720 590 nominis
752 562 838 589 esse
871 551 954 589 sui.

55 614 97 644 25
120 607 161 644 Si
192 612 321 645 tamen
354 619 374 646 e
406 608 516 647 vobis
548 608 688 659 aliquis
707 640 718 660 ,
749 614 827 647 tam
858 607 1009 659 multa,
1041 609 1240 659 requiret,

117 664 226 703 Unde
259 665 423 705 dolenda
455 678 618 706 canam:
662 666 783 705 multa
815 665 977 704 dolenda
1008 664 1102 704 tuli.

116 722 201 761 Non
232 723 328 762 haec
359 725 514 775 ingenio
534 756 544 775 ,
576 737 653 763 non
685 724 780 763 haec
813 724 1081 774 componimus
1114 728 1220 762 arte:

117 780 279 820 Materia
310 787 370 820 est
401 784 570 834 propriis
602 784 803 832 ingeniosa
834 781 967 820 malis.

117 837 167 877 Et
198 844 316 889 quota
347 841 526 880 fortunae
557 852 648 891 pars
680 846 740 878 est
770 841 809 878 in
842 840 1013 878 carmine
1046 836 1238 877 nostrae?

54 904 98 935 30
118 895 224 935 Felix
244 929 255 949 ‚
289 899 355 948 qui
386 900 533 949 patitur
564 910 662 949 quae
694 909 903 937 numerare
934 896 1086 948 potest!

119 954 222 999 Quot
254 956 416 995 frutices
449 956 565 995 silvae
583 987 594 1008 ,
627 962 723 1007 quot
753 956 868 995 flavas
901 955 1068 1006 Thybris
1099 954 1288 1007 harenas,

118 1012 243 1051 Mollia
276 1019 372 1064 quot
402 1014 536 1053 Martis
567 1016 741 1066 gramina
774 1026 934 1065 campus
965 1013 1104 1064 habet,

119 1071 193 1109 Tot
224 1072 322 1110 mala
352 1072 616 1125 pertulimus,
649 1085 817 1124 quorum
848 1072 1038 1111 medicina
1072 1073 1263 1122 quiesque

117 1128 231 1168 Nulla
262 1131 338 1170 nisi
368 1132 408 1169 in
442 1131 570 1170 studio
603 1137 664 1170 est
694 1131 972 1181 Pieridumque
1004 1142 1134 1168 mora.

55 1194 99 1225 35
122 1184 234 1232 ‘Quis
260 1188 354 1240 tibi,
379 1188 505 1241 Naso,
536 1190 675 1228 modus
701 1189 896 1228 lacrimosi
922 1189 1105 1227 carminis
1119 1185 1154 1226 ‘?’
1182 1189 1333 1238 inquis:

118 1245 224 1284 Idem
243 1277 255 1298 ,
286 1247 465 1286 fortunae
497 1249 565 1298 qui
595 1247 734 1287 modus
766 1248 882 1286 huius
915 1249 1011 1285 erit.

120 1302 229 1347 Quod
264 1317 435 1357 querar,
472 1305 535 1344 illa
567 1306 662 1344 mihi
692 1306 808 1357 pleno
841 1305 888 1344 de
920 1305 1025 1344 fonte
1057 1305 1275 1356 ministrat,

119 1361 200 1401 Nec
231 1375 315 1401 mea
348 1369 468 1415 sunt,
500 1365 568 1402 fati
599 1364 716 1402 verba
747 1364 814 1402 sed
846 1365 919 1402 ista
952 1365 1052 1402 mei.

120 1420 167 1457 At
199 1421 292 1459 mihi
324 1422 357 1460 si
388 1434 477 1460 cara
508 1424 671 1472 patriam
705 1434 793 1460 cum
826 1423 990 1471 coniuge
1024 1421 1188 1473 reddas,

55 1485 100 1515 40
122 1476 207 1517 Sint
239 1478 368 1517 vultus
400 1479 566 1531 hilares,
599 1482 750 1530 simque
784 1480 886 1530 quod
919 1485 1007 1518 ante
1040 1480 1117 1517 fui.

123 1535 264 1575 Lenior
295 1538 429 1576 invicti
461 1539 494 1576 si
527 1539 577 1577 sit
607 1538 702 1576 mihi
733 1538 908 1576 Caesaris
940 1539 1023 1585 ira,

121 1592 299 1633 Carmina
330 1595 497 1635 laetitiae
529 1598 605 1634 iam
637 1596 709 1634 tibi
739 1596 852 1647 plena
884 1595 1004 1634 dabo.

124 1653 203 1691 Nec
235 1659 361 1692 tamen
395 1660 439 1693 ut
470 1654 592 1706 lusit,
624 1667 764 1693 rursus
795 1667 881 1694 mea
912 1654 1042 1693 littera
1073 1654 1205 1694 ludet:

122 1711 179 1749 Sit
211 1712 331 1750 semel
362 1712 425 1751 illa
456 1714 540 1751 ioco
573 1713 766 1751 luxuriata
798 1712 912 1752 meo!

57 1775 100 1805 45
122 1768 231 1814 Quod
258 1769 398 1820 probet
428 1772 510 1821 ipse
530 1802 541 1822 ,
574 1783 731 1822 canam,
762 1783 910 1822 poenae
936 1771 1050 1809 modo
1076 1777 1187 1822 parte
1213 1771 1335 1810 levata

120 1827 343 1866 Barbariam
374 1829 520 1879 rigidos
553 1830 811 1880 effugiamque
845 1829 985 1868 Getas.

121 1885 272 1924 Interea
305 1889 430 1925 nostri
462 1887 554 1938 quid
588 1894 729 1939 agant,
762 1890 836 1926 nisi
869 1889 978 1926 triste
999 1918 1009 1938 ,
1042 1886 1195 1926 libelli?

121 1943 230 1982 Tibia
262 1944 466 1984 funeribus
499 1947 680 1984 convenit
711 1948 784 1985 ista
816 1947 936 1984 meis.

121 1999 185 2040 ‘At
214 2000 386 2052 poteras’
418 2005 549 2054 inquis
582 2001 736 2043 ‘melius
768 2004 866 2043 mala
898 2005 1002 2042 ferre
1035 2004 1206 2056 silendo,

58 2065 102 2096 50
121 2059 170 2098 Et
201 2062 342 2099 tacitus
374 2074 487 2100 casus
520 2062 764 2102 dissimulare
796 2060 911 2102 tuos.'

120 2117 251 2169 Exigis
270 2150 280 2170 ,
312 2125 356 2158 ut
387 2120 483 2159 nulli
513 2123 681 2172 gemitus
714 2127 908 2160 tormenta
940 2125 1177 2172 sequantur,

120 2177 367 2227 Acceptoque
399 2180 505 2229 gravi
538 2179 697 2218 vulnere
729 2180 824 2219 ssere
856 2177 996 2218 vetas?

120 2233 205 2284 Ipse
238 2235 403 2274 Perilleo
435 2237 610 2276 Phalaris
642 2240 821 2289 permisit
851 2240 892 2276 in
923 2250 1012 2276 aere

120 2291 246 2332 Edere
279 2296 450 2345 mugitus
483 2302 522 2335 et
551 2296 661 2335 bovis
694 2309 760 2335 ore
794 2298 927 2347 queri.

75 2363 180 2391 ovm.
210 2366 267 2391 111.
1103 2364 1124 2394 6
