1575 2489
215 92 234 131 1
247 90 301 132 62
758 89 823 121 Ex
846 89 1002 122 PONTo

390 198 575 236 Eiusdem
609 197 709 235 sacri
741 195 867 235 cultor
898 201 1064 247 uterque
1097 208 1254 235 sumus.

267 265 309 296 65
331 255 387 294 Ad
420 261 546 293 vatem
578 260 684 293 vates
717 255 867 292 orantia
897 253 1053 293 brachia
1084 254 1226 305 tendo,

391 313 512 351 Terra
545 314 595 351 sit
627 311 751 350 exiliis
783 317 827 350 ut
857 317 924 350 tua
955 312 1029 350 fida
1061 314 1181 350 meis.

330 371 416 409 Non
449 383 520 420 ego
554 370 671 409 caede
703 381 850 408 nocens
881 371 922 407 in
953 371 1069 408 Ponti
1099 369 1213 408 litora
1245 371 1359 422 veni,

389 429 552 467 Mixtave
585 433 677 467 sunt
708 432 843 465 nostra
874 428 957 466 dira
988 439 1135 466 venena
1167 439 1309 466 manu:

332 486 412 525 Nec
445 498 530 525 mea
562 486 738 524 subiecta
770 487 945 524 convicta
977 492 1036 524 est
1067 497 1217 536 gemma
1248 485 1386 524 tabella

270 553 311 584 70
390 544 615 583 Mendacem
647 543 735 582 linis
767 545 1001 594 imposuisse
1034 549 1188 582 notam.

331 602 411 641 Nec
443 603 651 653 quicquam
670 633 680 652 ,
714 601 817 652 quod
849 601 931 651 lege
963 607 1073 640 vetor
1106 602 1350 640 committere
1369 632 1380 653 ‚
1412 602 1512 640 feci:

391 660 460 698 Est
492 666 621 698 tamen
654 659 714 698 his
746 661 898 710 gravior
930 671 1029 697 noxa
1061 659 1214 697 fatenda
1246 659 1363 697 mihi.

331 717 434 756 Neve
455 730 589 769 roges,
611 729 708 768 quae
731 718 799 755 sit.
839 717 995 756 stultam
1016 729 1131 767 quam
1151 719 1378 767 scripsimus
1394 718 1545 770 Artem,

390 776 580 815 Innocuas
613 775 725 814 nobis
757 775 852 813 haec
884 781 987 814 vetat
1019 787 1104 813 esse
1136 787 1296 814 manus.

269 842 311 874 75
333 833 483 884 Ecquid
516 839 717 885 praeterea
749 834 972 884 peccarim,
1005 845 1192 883 quaerere
1226 833 1326 885 noli,
1488 842 1545 875 (68)

395 892 443 930 Ut
473 892 589 930 lateat
621 891 699 930 sola
732 891 843 941 culpa
876 891 947 929 sub
979 891 1072 929 Arte
1104 903 1212 929 mea.

333 950 527 1000 Quidquid
560 950 598 988 id
631 955 718 1000 est,
750 949 888 996 habuit,
917 949 1153 988 moderatam
1185 949 1349 988 vindicis
1380 951 1501 1002 iram,

392 1008 467 1053 Qui
498 1009 574 1045 nisi
605 1007 770 1046 natalem
802 1007 856 1045 nil
888 1007 982 1045 mihi
1014 1007 1180 1057 dempsit
1210 1007 1395 1046 humum.

332 1065 411 1104 Hac
445 1067 627 1116 quoniam
660 1077 772 1103 careo
792 1097 801 1115 ‚
834 1071 899 1103 tua
932 1077 1036 1103 nunc
1069 1066 1207 1103 vicinia
1239 1072 1435 1117 praestet,

269 1132 312 1163 80
391 1123 517 1162 Inviso
550 1124 696 1174 possim
728 1128 838 1161 tutus
870 1129 913 1161 ut
945 1134 1031 1161 esse
1062 1123 1169 1161 loco.

854 1250 910 1297 X.

331 1354 481 1405 Ecquid
515 1355 561 1394 ab
594 1357 806 1405 impressae
841 1356 1043 1405 cognoscis
1076 1357 1242 1406 imagine
1275 1368 1386 1394 cerae

390 1413 493 1452 Haec
527 1413 597 1452 tibi
629 1413 820 1452 Nasonem
854 1413 1028 1452 scribere
1060 1413 1205 1465 verba,
1237 1412 1400 1453 Macer?

332 1473 591 1522 Auctorisque
624 1473 685 1510 sui
718 1473 748 1509 si
782 1483 859 1509 non
892 1476 951 1509 est
983 1471 1120 1510 anulus
1152 1472 1293 1523 index,

391 1529 602 1580 Cognitane
636 1535 695 1568 est
726 1535 859 1568 nostra
890 1529 1018 1567 littera
1050 1530 1148 1568 facta
1181 1528 1336 1568 manu?

292 1595 311 1626 5
332 1588 389 1626 An
421 1588 491 1626 tibi
523 1589 698 1626 notitiam
729 1599 837 1625 mora
869 1589 1055 1638 temporis
1088 1589 1204 1638 eripit
1234 1588 1398 1638 horum,

390 1645 470 1684 Nec
502 1651 686 1697 repetunt
719 1645 820 1683 oculi
853 1647 961 1696 signa
992 1651 1143 1684 vetusta
1175 1644 1268 1684 tui?

335 1703 396 1742 Sis
428 1704 518 1742 licet
550 1703 693 1742 oblitus
726 1705 871 1754 pariter
903 1715 1154 1754 gemmaeque
1187 1716 1427 1756 manusque,

391 1761 589 1800 Exciderit
620 1767 769 1800 tantum
803 1774 850 1799 ne
882 1761 953 1800 tibi
986 1774 1079 1800 cura
1111 1764 1208 1801 mei.

334 1820 457 1866 Quam
488 1826 530 1859 tu
562 1819 622 1858 vel
652 1819 757 1870 longi
789 1819 907 1858 debes
940 1820 1181 1859 convictibus
1213 1822 1319 1872 aevi,

271 1888 313 1918 10
393 1878 459 1917 Vel
491 1890 575 1916 mea
608 1878 711 1929 quod
744 1879 911 1916 coniunx
944 1890 1021 1916 non
1055 1878 1178 1917 aliena
1209 1879 1304 1930 tibi,

332 1936 399 1975 Vel
432 1936 569 1975 studiis
588 1966 601 1988 ,
632 1935 774 1987 quibus
806 1948 873 1988 es,
906 1948 1020 1987 quam
1052 1949 1148 1988 nos,
1183 1938 1397 1988 sapientius
1428 1949 1540 1990 usus,

390 1994 517 2045 thue
551 1995 691 2046 decet,
724 1994 828 2033 nulla
860 1995 985 2033 factus
1019 2006 1059 2032 es
1091 1995 1184 2033 Arte
1216 2007 1386 2034 nocens.

333 2052 392 2092 Tu
426 2055 531 2091 canis
564 2058 721 2091 aeterno
756 2052 942 2103 quidquid
976 2052 1146 2091 restabat
1176 2053 1369 2105 Homero,

391 2111 446 2150 Ne
479 2116 636 2150 careant
668 2123 817 2149 summa
849 2111 987 2149 Troica
1019 2110 1119 2149 bella
1149 2123 1289 2150 manu.

270 2179 312 2209 15
332 2169 433 2208 Naso
466 2181 604 2219 parum
635 2169 838 2221 prudens,
871 2174 994 2207 artem
1026 2169 1117 2208 dum
1150 2170 1268 2208 tradit
1299 2170 1473 2222 amandi,

391 2227 597 2267 Doctrinae
630 2229 800 2279 pretium
831 2228 942 2266 triste
974 2229 1158 2278 magister
1189 2227 1329 2267 habet.

335 2285 434 2325 Sunt
465 2293 592 2325 tamen
626 2288 728 2325 inter
761 2298 802 2325 se
835 2287 1054 2325 communia
1086 2298 1194 2325 sacra
1224 2288 1374 2338 poetis,
1485 2293 1538 2326 (69)

1573 1125 1575 1133 2

1572 1145 1575 1154 ι
